ts,price,bid,ask,size
2026-02-27T14:30:00.000Z,17350.00,17350.00,17350.25,3
2026-02-27T14:30:00.125Z,17350.25,17350.00,17350.25,4
2026-02-27T14:30:00.250Z,17350.25,17350.00,17350.25,5
2026-02-27T14:30:00.375Z,17350.25,17350.00,17350.25,3
2026-02-27T14:30:00.500Z,17350.25,17350.00,17350.25,1
2026-02-27T14:30:00.625Z,17350.25,17350.00,17350.25,2
2026-02-27T14:30:00.750Z,17350.25,17350.00,17350.25,5
2026-02-27T14:30:00.875Z,17350.00,17350.00,17350.25,1
2026-02-27T14:30:01.000Z,17350.00,17350.00,17350.25,5
2026-02-27T14:30:01.125Z,17350.25,17350.00,17350.25,6
2026-02-27T14:30:01.250Z,17350.00,17350.00,17350.25,1
2026-02-27T14:30:01.375Z,17350.00,17350.00,17350.25,3
2026-02-27T14:30:01.500Z,17350.00,17350.00,17350.25,4
2026-02-27T14:30:01.625Z,17350.00,17350.00,17350.25,1
2026-02-27T14:30:01.750Z,17350.25,17350.00,17350.25,6
2026-02-27T14:30:01.875Z,17350.25,17350.00,17350.25,5
2026-02-27T14:30:02.000Z,17350.25,17350.00,17350.25,6
2026-02-27T14:30:02.125Z,17350.00,17350.00,17350.25,1
2026-02-27T14:30:02.250Z,17350.25,17350.00,17350.25,5
2026-02-27T14:30:02.375Z,17350.25,17350.00,17350.25,5
2026-02-27T14:30:02.500Z,17350.00,17350.00,17350.25,2
2026-02-27T14:30:02.625Z,17350.25,17350.00,17350.25,5
2026-02-27T14:30:02.750Z,17350.25,17350.00,17350.25,1
2026-02-27T14:30:02.875Z,17350.25,17350.00,17350.25,4
2026-02-27T14:30:03.000Z,17350.25,17350.00,17350.25,2
2026-02-27T14:30:03.125Z,17350.25,17350.00,17350.25,1
2026-02-27T14:30:03.250Z,17350.00,17350.00,17350.25,1
2026-02-27T14:30:03.375Z,17350.00,17350.00,17350.25,1
2026-02-27T14:30:03.500Z,17350.00,17350.00,17350.25,2
2026-02-27T14:30:03.625Z,17350.25,17350.00,17350.25,5
2026-02-27T14:30:03.750Z,17350.00,17350.00,17350.25,1
2026-02-27T14:30:03.875Z,17350.50,17350.25,17350.50,3
2026-02-27T14:30:04.000Z,17350.25,17350.25,17350.50,5
2026-02-27T14:30:04.125Z,17350.00,17350.00,17350.25,6
2026-02-27T14:30:04.250Z,17350.25,17350.00,17350.25,1
2026-02-27T14:30:04.375Z,17350.00,17350.00,17350.25,4
2026-02-27T14:30:04.500Z,17350.00,17350.00,17350.25,1
2026-02-27T14:30:04.625Z,17350.00,17350.00,17350.25,4
2026-02-27T14:30:04.750Z,17350.25,17350.00,17350.25,5
2026-02-27T14:30:04.875Z,17350.00,17350.00,17350.25,2
2026-02-27T14:30:05.000Z,17350.25,17350.00,17350.25,6
2026-02-27T14:30:05.125Z,17350.00,17350.00,17350.25,1
2026-02-27T14:30:05.250Z,17350.00,17350.00,17350.25,6
2026-02-27T14:30:05.375Z,17350.00,17350.00,17350.25,4
2026-02-27T14:30:05.500Z,17350.00,17350.00,17350.25,2
2026-02-27T14:30:05.625Z,17350.00,17350.00,17350.25,6
2026-02-27T14:30:05.750Z,17350.00,17350.00,17350.25,1
2026-02-27T14:30:05.875Z,17350.00,17350.00,17350.25,6
2026-02-27T14:30:06.000Z,17350.25,17350.00,17350.25,6
2026-02-27T14:30:06.125Z,17350.00,17350.00,17350.25,2
2026-02-27T14:30:06.250Z,17350.00,17350.00,17350.25,6
2026-02-27T14:30:06.375Z,17350.25,17350.25,17350.50,6
2026-02-27T14:30:06.500Z,17350.25,17350.25,17350.50,6
2026-02-27T14:30:06.625Z,17350.50,17350.25,17350.50,3
2026-02-27T14:30:06.750Z,17350.50,17350.25,17350.50,6
2026-02-27T14:30:06.875Z,17350.25,17350.25,17350.50,3
2026-02-27T14:30:07.000Z,17350.25,17350.00,17350.25,3
2026-02-27T14:30:07.125Z,17350.25,17350.00,17350.25,1
2026-02-27T14:30:07.250Z,17350.25,17350.00,17350.25,4
2026-02-27T14:30:07.375Z,17350.25,17350.00,17350.25,1
2026-02-27T14:30:07.500Z,17349.75,17349.75,17350.00,1
2026-02-27T14:30:07.625Z,17349.75,17349.75,17350.00,3
2026-02-27T14:30:07.750Z,17349.75,17349.75,17350.00,4
2026-02-27T14:30:07.875Z,17349.50,17349.50,17349.75,2
2026-02-27T14:30:08.000Z,17349.75,17349.50,17349.75,3
2026-02-27T14:30:08.125Z,17349.50,17349.50,17349.75,6
2026-02-27T14:30:08.250Z,17349.75,17349.75,17350.00,4
2026-02-27T14:30:08.375Z,17349.75,17349.75,17350.00,1
2026-02-27T14:30:08.500Z,17350.00,17349.75,17350.00,6
2026-02-27T14:30:08.625Z,17349.75,17349.75,17350.00,5
2026-02-27T14:30:08.750Z,17350.00,17349.75,17350.00,5
2026-02-27T14:30:08.875Z,17349.75,17349.75,17350.00,3
2026-02-27T14:30:09.000Z,17350.00,17349.75,17350.00,3
2026-02-27T14:30:09.125Z,17349.75,17349.75,17350.00,2
2026-02-27T14:30:09.250Z,17350.00,17349.75,17350.00,2
2026-02-27T14:30:09.375Z,17349.75,17349.75,17350.00,6
2026-02-27T14:30:09.500Z,17350.25,17350.00,17350.25,1
2026-02-27T14:30:09.625Z,17350.00,17350.00,17350.25,6
2026-02-27T14:30:09.750Z,17350.25,17350.00,17350.25,4
2026-02-27T14:30:09.875Z,17350.00,17350.00,17350.25,2
2026-02-27T14:30:10.000Z,17350.25,17350.00,17350.25,6
2026-02-27T14:30:10.125Z,17350.25,17350.00,17350.25,5
2026-02-27T14:30:10.250Z,17350.00,17350.00,17350.25,4
2026-02-27T14:30:10.375Z,17350.00,17350.00,17350.25,6
2026-02-27T14:30:10.500Z,17350.50,17350.25,17350.50,3
2026-02-27T14:30:10.625Z,17350.25,17350.25,17350.50,6
2026-02-27T14:30:10.750Z,17350.25,17350.25,17350.50,5
2026-02-27T14:30:10.875Z,17350.50,17350.25,17350.50,1
2026-02-27T14:30:11.000Z,17350.50,17350.25,17350.50,4
2026-02-27T14:30:11.125Z,17350.50,17350.25,17350.50,6
2026-02-27T14:30:11.250Z,17350.25,17350.25,17350.50,1
2026-02-27T14:30:11.375Z,17350.25,17350.25,17350.50,6
2026-02-27T14:30:11.500Z,17350.25,17350.00,17350.25,3
2026-02-27T14:30:11.625Z,17350.00,17350.00,17350.25,5
2026-02-27T14:30:11.750Z,17350.25,17350.00,17350.25,2
2026-02-27T14:30:11.875Z,17350.00,17350.00,17350.25,4
2026-02-27T14:30:12.000Z,17350.00,17350.00,17350.25,3
2026-02-27T14:30:12.125Z,17350.00,17349.75,17350.00,1
2026-02-27T14:30:12.250Z,17350.00,17349.75,17350.00,5
2026-02-27T14:30:12.375Z,17349.75,17349.75,17350.00,6
2026-02-27T14:30:12.500Z,17350.00,17349.75,17350.00,3
2026-02-27T14:30:12.625Z,17350.00,17349.75,17350.00,5
2026-02-27T14:30:12.750Z,17349.75,17349.75,17350.00,4
2026-02-27T14:30:12.875Z,17350.00,17350.00,17350.25,5
2026-02-27T14:30:13.000Z,17350.00,17350.00,17350.25,4
2026-02-27T14:30:13.125Z,17350.00,17350.00,17350.25,2
2026-02-27T14:30:13.250Z,17350.25,17350.00,17350.25,1
2026-02-27T14:30:13.375Z,17350.25,17350.25,17350.50,1
2026-02-27T14:30:13.500Z,17350.00,17350.00,17350.25,5
2026-02-27T14:30:13.625Z,17350.25,17350.00,17350.25,3
2026-02-27T14:30:13.750Z,17350.00,17350.00,17350.25,1
2026-02-27T14:30:13.875Z,17350.50,17350.25,17350.50,1
2026-02-27T14:30:14.000Z,17350.50,17350.50,17350.75,5
2026-02-27T14:30:14.125Z,17350.75,17350.50,17350.75,1
2026-02-27T14:30:14.250Z,17350.50,17350.50,17350.75,6
2026-02-27T14:30:14.375Z,17350.75,17350.50,17350.75,1
2026-02-27T14:30:14.500Z,17350.50,17350.50,17350.75,5
2026-02-27T14:30:14.625Z,17350.50,17350.50,17350.75,2
2026-02-27T14:30:14.750Z,17350.75,17350.50,17350.75,3
2026-02-27T14:30:14.875Z,17350.75,17350.50,17350.75,6
2026-02-27T14:30:15.000Z,17350.50,17350.50,17350.75,6
2026-02-27T14:30:15.125Z,17350.50,17350.50,17350.75,6
2026-02-27T14:30:15.250Z,17350.50,17350.50,17350.75,5
2026-02-27T14:30:15.375Z,17350.50,17350.50,17350.75,6
2026-02-27T14:30:15.500Z,17350.50,17350.50,17350.75,2
2026-02-27T14:30:15.625Z,17350.75,17350.50,17350.75,3
2026-02-27T14:30:15.750Z,17350.75,17350.50,17350.75,1
2026-02-27T14:30:15.875Z,17350.75,17350.50,17350.75,4
2026-02-27T14:30:16.000Z,17350.50,17350.50,17350.75,4
2026-02-27T14:30:16.125Z,17350.75,17350.50,17350.75,5
2026-02-27T14:30:16.250Z,17350.75,17350.50,17350.75,4
2026-02-27T14:30:16.375Z,17350.50,17350.25,17350.50,3
2026-02-27T14:30:16.500Z,17350.50,17350.25,17350.50,1
2026-02-27T14:30:16.625Z,17350.25,17350.25,17350.50,4
2026-02-27T14:30:16.750Z,17350.50,17350.25,17350.50,4
2026-02-27T14:30:16.875Z,17350.25,17350.25,17350.50,2
2026-02-27T14:30:17.000Z,17350.25,17350.25,17350.50,4
2026-02-27T14:30:17.125Z,17350.25,17350.25,17350.50,3
2026-02-27T14:30:17.250Z,17350.50,17350.25,17350.50,3
2026-02-27T14:30:17.375Z,17350.50,17350.25,17350.50,2
2026-02-27T14:30:17.500Z,17350.50,17350.50,17350.75,3
2026-02-27T14:30:17.625Z,17350.50,17350.50,17350.75,3
2026-02-27T14:30:17.750Z,17350.50,17350.50,17350.75,6
2026-02-27T14:30:17.875Z,17350.75,17350.50,17350.75,6
2026-02-27T14:30:18.000Z,17350.50,17350.50,17350.75,5
2026-02-27T14:30:18.125Z,17350.50,17350.50,17350.75,3
2026-02-27T14:30:18.250Z,17350.75,17350.50,17350.75,2
2026-02-27T14:30:18.375Z,17350.75,17350.50,17350.75,2
2026-02-27T14:30:18.500Z,17350.75,17350.50,17350.75,2
2026-02-27T14:30:18.625Z,17350.50,17350.50,17350.75,2
2026-02-27T14:30:18.750Z,17350.75,17350.50,17350.75,1
2026-02-27T14:30:18.875Z,17350.75,17350.50,17350.75,6
2026-02-27T14:30:19.000Z,17350.75,17350.50,17350.75,5
2026-02-27T14:30:19.125Z,17350.50,17350.50,17350.75,1
2026-02-27T14:30:19.250Z,17350.75,17350.75,17351.00,5
2026-02-27T14:30:19.375Z,17351.00,17351.00,17351.25,5
2026-02-27T14:30:19.500Z,17351.00,17351.00,17351.25,2
2026-02-27T14:30:19.625Z,17351.25,17351.00,17351.25,5
2026-02-27T14:30:19.750Z,17351.25,17351.00,17351.25,1
2026-02-27T14:30:19.875Z,17351.25,17351.00,17351.25,4
2026-02-27T14:30:20.000Z,17351.00,17351.00,17351.25,2
2026-02-27T14:30:20.125Z,17351.00,17351.00,17351.25,3
2026-02-27T14:30:20.250Z,17351.00,17351.00,17351.25,4
2026-02-27T14:30:20.375Z,17351.00,17351.00,17351.25,1
2026-02-27T14:30:20.500Z,17350.75,17350.75,17351.00,3
2026-02-27T14:30:20.625Z,17351.00,17350.75,17351.00,2
2026-02-27T14:30:20.750Z,17351.00,17350.75,17351.00,6
2026-02-27T14:30:20.875Z,17350.75,17350.50,17350.75,4
2026-02-27T14:30:21.000Z,17350.50,17350.50,17350.75,1
2026-02-27T14:30:21.125Z,17350.50,17350.50,17350.75,1
2026-02-27T14:30:21.250Z,17350.50,17350.50,17350.75,3
2026-02-27T14:30:21.375Z,17350.50,17350.50,17350.75,2
2026-02-27T14:30:21.500Z,17350.75,17350.75,17351.00,2
2026-02-27T14:30:21.625Z,17350.75,17350.75,17351.00,3
2026-02-27T14:30:21.750Z,17351.00,17350.75,17351.00,1
2026-02-27T14:30:21.875Z,17350.50,17350.50,17350.75,6
2026-02-27T14:30:22.000Z,17350.75,17350.50,17350.75,6
2026-02-27T14:30:22.125Z,17350.75,17350.50,17350.75,2
2026-02-27T14:30:22.250Z,17350.25,17350.25,17350.50,1
2026-02-27T14:30:22.375Z,17350.75,17350.50,17350.75,3
2026-02-27T14:30:22.500Z,17350.75,17350.50,17350.75,4
2026-02-27T14:30:22.625Z,17350.75,17350.75,17351.00,1
2026-02-27T14:30:22.750Z,17351.00,17350.75,17351.00,3
2026-02-27T14:30:22.875Z,17351.00,17350.75,17351.00,2
2026-02-27T14:30:23.000Z,17351.00,17350.75,17351.00,4
2026-02-27T14:30:23.125Z,17351.00,17350.75,17351.00,5
2026-02-27T14:30:23.250Z,17350.75,17350.75,17351.00,6
2026-02-27T14:30:23.375Z,17350.75,17350.75,17351.00,6
2026-02-27T14:30:23.500Z,17351.00,17350.75,17351.00,5
2026-02-27T14:30:23.625Z,17351.00,17350.75,17351.00,2
2026-02-27T14:30:23.750Z,17351.00,17350.75,17351.00,3
2026-02-27T14:30:23.875Z,17350.75,17350.75,17351.00,1
2026-02-27T14:30:24.000Z,17351.00,17350.75,17351.00,1
2026-02-27T14:30:24.125Z,17350.75,17350.75,17351.00,4
2026-02-27T14:30:24.250Z,17350.75,17350.75,17351.00,1
2026-02-27T14:30:24.375Z,17350.75,17350.75,17351.00,4
2026-02-27T14:30:24.500Z,17350.75,17350.75,17351.00,4
2026-02-27T14:30:24.625Z,17350.75,17350.75,17351.00,5
2026-02-27T14:30:24.750Z,17350.75,17350.75,17351.00,3
2026-02-27T14:30:24.875Z,17351.00,17350.75,17351.00,1
2026-02-27T14:30:25.000Z,17351.00,17350.75,17351.00,4
2026-02-27T14:30:25.125Z,17351.00,17350.75,17351.00,2
2026-02-27T14:30:25.250Z,17350.75,17350.75,17351.00,4
2026-02-27T14:30:25.375Z,17350.75,17350.75,17351.00,6
2026-02-27T14:30:25.500Z,17350.75,17350.75,17351.00,2
2026-02-27T14:30:25.625Z,17351.00,17350.75,17351.00,4
2026-02-27T14:30:25.750Z,17351.00,17350.75,17351.00,5
2026-02-27T14:30:25.875Z,17350.75,17350.75,17351.00,5
2026-02-27T14:30:26.000Z,17351.00,17350.75,17351.00,3
2026-02-27T14:30:26.125Z,17351.00,17350.75,17351.00,2
2026-02-27T14:30:26.250Z,17350.75,17350.75,17351.00,4
2026-02-27T14:30:26.375Z,17350.75,17350.75,17351.00,4
2026-02-27T14:30:26.500Z,17351.00,17350.75,17351.00,5
2026-02-27T14:30:26.625Z,17350.75,17350.50,17350.75,2
2026-02-27T14:30:26.750Z,17350.50,17350.50,17350.75,2
2026-02-27T14:30:26.875Z,17350.75,17350.75,17351.00,5
2026-02-27T14:30:27.000Z,17350.75,17350.75,17351.00,1
2026-02-27T14:30:27.125Z,17351.00,17350.75,17351.00,2
2026-02-27T14:30:27.250Z,17350.50,17350.50,17350.75,2
2026-02-27T14:30:27.375Z,17350.50,17350.50,17350.75,5
2026-02-27T14:30:27.500Z,17350.75,17350.50,17350.75,4
2026-02-27T14:30:27.625Z,17350.75,17350.50,17350.75,3
2026-02-27T14:30:27.750Z,17350.75,17350.50,17350.75,4
2026-02-27T14:30:27.875Z,17350.75,17350.50,17350.75,3
2026-02-27T14:30:28.000Z,17350.25,17350.25,17350.50,2
2026-02-27T14:30:28.125Z,17350.25,17350.25,17350.50,4
2026-02-27T14:30:28.250Z,17350.50,17350.25,17350.50,2
2026-02-27T14:30:28.375Z,17350.25,17350.25,17350.50,1
2026-02-27T14:30:28.500Z,17350.25,17350.25,17350.50,1
2026-02-27T14:30:28.625Z,17350.25,17350.25,17350.50,5
2026-02-27T14:30:28.750Z,17350.50,17350.25,17350.50,5
2026-02-27T14:30:28.875Z,17350.25,17350.25,17350.50,1
2026-02-27T14:30:29.000Z,17350.75,17350.50,17350.75,5
2026-02-27T14:30:29.125Z,17350.50,17350.50,17350.75,5
2026-02-27T14:30:29.250Z,17350.50,17350.50,17350.75,6
2026-02-27T14:30:29.375Z,17350.75,17350.50,17350.75,5
2026-02-27T14:30:29.500Z,17350.50,17350.50,17350.75,4
2026-02-27T14:30:29.625Z,17350.50,17350.50,17350.75,4
2026-02-27T14:30:29.750Z,17350.75,17350.50,17350.75,1
2026-02-27T14:30:29.875Z,17350.75,17350.50,17350.75,2
2026-02-27T14:30:30.000Z,17350.50,17350.50,17350.75,3
2026-02-27T14:30:30.125Z,17350.75,17350.50,17350.75,1
2026-02-27T14:30:30.250Z,17350.50,17350.50,17350.75,1
2026-02-27T14:30:30.375Z,17350.50,17350.50,17350.75,3
2026-02-27T14:30:30.500Z,17350.75,17350.50,17350.75,2
2026-02-27T14:30:30.625Z,17350.50,17350.50,17350.75,3
2026-02-27T14:30:30.750Z,17350.75,17350.50,17350.75,5
2026-02-27T14:30:30.875Z,17350.75,17350.50,17350.75,5
2026-02-27T14:30:31.000Z,17350.75,17350.75,17351.00,5
2026-02-27T14:30:31.125Z,17351.00,17350.75,17351.00,3
2026-02-27T14:30:31.250Z,17351.00,17350.75,17351.00,4
2026-02-27T14:30:31.375Z,17351.00,17350.75,17351.00,3
2026-02-27T14:30:31.500Z,17350.75,17350.75,17351.00,6
2026-02-27T14:30:31.625Z,17350.50,17350.50,17350.75,5
2026-02-27T14:30:31.750Z,17350.50,17350.50,17350.75,4
2026-02-27T14:30:31.875Z,17350.50,17350.50,17350.75,1
2026-02-27T14:30:32.000Z,17350.50,17350.50,17350.75,4
2026-02-27T14:30:32.125Z,17350.75,17350.50,17350.75,6
2026-02-27T14:30:32.250Z,17350.50,17350.50,17350.75,3
2026-02-27T14:30:32.375Z,17350.75,17350.50,17350.75,2
2026-02-27T14:30:32.500Z,17350.75,17350.50,17350.75,6
2026-02-27T14:30:32.625Z,17350.75,17350.75,17351.00,5
2026-02-27T14:30:32.750Z,17350.75,17350.75,17351.00,5
2026-02-27T14:30:32.875Z,17350.75,17350.75,17351.00,5
2026-02-27T14:30:33.000Z,17351.00,17351.00,17351.25,6
2026-02-27T14:30:33.125Z,17351.25,17351.25,17351.50,4
2026-02-27T14:30:33.250Z,17351.25,17351.25,17351.50,2
2026-02-27T14:30:33.375Z,17351.50,17351.25,17351.50,2
2026-02-27T14:30:33.500Z,17351.50,17351.25,17351.50,4
2026-02-27T14:30:33.625Z,17351.50,17351.25,17351.50,1
2026-02-27T14:30:33.750Z,17351.50,17351.25,17351.50,3
2026-02-27T14:30:33.875Z,17351.75,17351.50,17351.75,6
2026-02-27T14:30:34.000Z,17351.75,17351.50,17351.75,3
2026-02-27T14:30:34.125Z,17351.75,17351.50,17351.75,3
2026-02-27T14:30:34.250Z,17351.50,17351.50,17351.75,1
2026-02-27T14:30:34.375Z,17351.50,17351.50,17351.75,4
2026-02-27T14:30:34.500Z,17351.50,17351.50,17351.75,6
2026-02-27T14:30:34.625Z,17351.75,17351.50,17351.75,1
2026-02-27T14:30:34.750Z,17351.75,17351.50,17351.75,5
2026-02-27T14:30:34.875Z,17351.75,17351.50,17351.75,1
2026-02-27T14:30:35.000Z,17351.50,17351.50,17351.75,4
2026-02-27T14:30:35.125Z,17351.75,17351.50,17351.75,1
2026-02-27T14:30:35.250Z,17351.50,17351.50,17351.75,4
2026-02-27T14:30:35.375Z,17351.75,17351.50,17351.75,3
2026-02-27T14:30:35.500Z,17351.75,17351.50,17351.75,3
2026-02-27T14:30:35.625Z,17351.50,17351.50,17351.75,6
2026-02-27T14:30:35.750Z,17351.50,17351.50,17351.75,4
2026-02-27T14:30:35.875Z,17351.50,17351.50,17351.75,2
2026-02-27T14:30:36.000Z,17351.75,17351.50,17351.75,5
2026-02-27T14:30:36.125Z,17351.75,17351.50,17351.75,4
2026-02-27T14:30:36.250Z,17351.50,17351.50,17351.75,2
2026-02-27T14:30:36.375Z,17351.50,17351.50,17351.75,1
2026-02-27T14:30:36.500Z,17351.50,17351.50,17351.75,2
2026-02-27T14:30:36.625Z,17351.50,17351.50,17351.75,2
2026-02-27T14:30:36.750Z,17351.75,17351.50,17351.75,2
2026-02-27T14:30:36.875Z,17351.50,17351.50,17351.75,6
2026-02-27T14:30:37.000Z,17351.50,17351.25,17351.50,1
2026-02-27T14:30:37.125Z,17351.25,17351.25,17351.50,6
2026-02-27T14:30:37.250Z,17351.25,17351.25,17351.50,6
2026-02-27T14:30:37.375Z,17351.50,17351.25,17351.50,1
2026-02-27T14:30:37.500Z,17351.50,17351.25,17351.50,6
2026-02-27T14:30:37.625Z,17351.25,17351.25,17351.50,4
2026-02-27T14:30:37.750Z,17351.50,17351.25,17351.50,2
2026-02-27T14:30:37.875Z,17351.25,17351.25,17351.50,5
2026-02-27T14:30:38.000Z,17351.50,17351.25,17351.50,2
2026-02-27T14:30:38.125Z,17351.25,17351.25,17351.50,5
2026-02-27T14:30:38.250Z,17351.25,17351.25,17351.50,5
2026-02-27T14:30:38.375Z,17351.25,17351.25,17351.50,6
2026-02-27T14:30:38.500Z,17351.25,17351.25,17351.50,2
2026-02-27T14:30:38.625Z,17351.50,17351.25,17351.50,4
2026-02-27T14:30:38.750Z,17351.50,17351.25,17351.50,6
2026-02-27T14:30:38.875Z,17351.50,17351.25,17351.50,4
2026-02-27T14:30:39.000Z,17351.50,17351.25,17351.50,3
2026-02-27T14:30:39.125Z,17351.50,17351.25,17351.50,3
2026-02-27T14:30:39.250Z,17351.25,17351.25,17351.50,6
2026-02-27T14:30:39.375Z,17351.25,17351.25,17351.50,5
2026-02-27T14:30:39.500Z,17351.50,17351.25,17351.50,5
2026-02-27T14:30:39.625Z,17351.25,17351.25,17351.50,6
2026-02-27T14:30:39.750Z,17351.25,17351.00,17351.25,1
2026-02-27T14:30:39.875Z,17351.25,17351.00,17351.25,5
2026-02-27T14:30:40.000Z,17350.75,17350.75,17351.00,6
2026-02-27T14:30:40.125Z,17350.75,17350.75,17351.00,5
2026-02-27T14:30:40.250Z,17351.00,17350.75,17351.00,2
2026-02-27T14:30:40.375Z,17350.50,17350.50,17350.75,2
2026-02-27T14:30:40.500Z,17350.75,17350.50,17350.75,4
2026-02-27T14:30:40.625Z,17350.75,17350.50,17350.75,6
2026-02-27T14:30:40.750Z,17351.00,17350.75,17351.00,6
2026-02-27T14:30:40.875Z,17350.75,17350.75,17351.00,3
2026-02-27T14:30:41.000Z,17350.75,17350.75,17351.00,1
2026-02-27T14:30:41.125Z,17351.00,17350.75,17351.00,4
2026-02-27T14:30:41.250Z,17351.00,17350.75,17351.00,2
2026-02-27T14:30:41.375Z,17350.75,17350.75,17351.00,5
2026-02-27T14:30:41.500Z,17351.00,17350.75,17351.00,1
2026-02-27T14:30:41.625Z,17351.00,17350.75,17351.00,5
2026-02-27T14:30:41.750Z,17351.00,17350.75,17351.00,6
2026-02-27T14:30:41.875Z,17350.75,17350.75,17351.00,4
2026-02-27T14:30:42.000Z,17350.75,17350.50,17350.75,4
2026-02-27T14:30:42.125Z,17350.50,17350.50,17350.75,2
2026-02-27T14:30:42.250Z,17350.50,17350.50,17350.75,6
2026-02-27T14:30:42.375Z,17350.50,17350.25,17350.50,5
2026-02-27T14:30:42.500Z,17350.50,17350.25,17350.50,6
2026-02-27T14:30:42.625Z,17350.00,17350.00,17350.25,4
2026-02-27T14:30:42.750Z,17350.25,17350.00,17350.25,5
2026-02-27T14:30:42.875Z,17350.25,17350.00,17350.25,4
2026-02-27T14:30:43.000Z,17350.00,17350.00,17350.25,1
2026-02-27T14:30:43.125Z,17350.00,17350.00,17350.25,1
2026-02-27T14:30:43.250Z,17350.00,17350.00,17350.25,4
2026-02-27T14:30:43.375Z,17350.25,17350.00,17350.25,6
2026-02-27T14:30:43.500Z,17350.25,17350.00,17350.25,3
2026-02-27T14:30:43.625Z,17350.00,17350.00,17350.25,1
2026-02-27T14:30:43.750Z,17350.25,17350.00,17350.25,4
2026-02-27T14:30:43.875Z,17350.00,17349.75,17350.00,1
2026-02-27T14:30:44.000Z,17349.75,17349.75,17350.00,1
2026-02-27T14:30:44.125Z,17349.75,17349.75,17350.00,6
2026-02-27T14:30:44.250Z,17350.25,17350.00,17350.25,2
2026-02-27T14:30:44.375Z,17350.00,17350.00,17350.25,5
2026-02-27T14:30:44.500Z,17350.25,17350.00,17350.25,5
2026-02-27T14:30:44.625Z,17350.25,17350.00,17350.25,1
2026-02-27T14:30:44.750Z,17350.25,17350.00,17350.25,6
2026-02-27T14:30:44.875Z,17350.25,17350.25,17350.50,4
2026-02-27T14:30:45.000Z,17350.50,17350.25,17350.50,2
2026-02-27T14:30:45.125Z,17350.50,17350.25,17350.50,3
2026-02-27T14:30:45.250Z,17350.25,17350.25,17350.50,6
2026-02-27T14:30:45.375Z,17350.25,17350.25,17350.50,6
2026-02-27T14:30:45.500Z,17350.50,17350.50,17350.75,2
2026-02-27T14:30:45.625Z,17350.50,17350.25,17350.50,4
2026-02-27T14:30:45.750Z,17350.25,17350.25,17350.50,1
2026-02-27T14:30:45.875Z,17350.25,17350.25,17350.50,6
2026-02-27T14:30:46.000Z,17350.25,17350.25,17350.50,6
2026-02-27T14:30:46.125Z,17350.25,17350.25,17350.50,4
2026-02-27T14:30:46.250Z,17350.50,17350.25,17350.50,3
2026-02-27T14:30:46.375Z,17350.50,17350.25,17350.50,4
2026-02-27T14:30:46.500Z,17350.50,17350.25,17350.50,3
2026-02-27T14:30:46.625Z,17350.50,17350.25,17350.50,3
2026-02-27T14:30:46.750Z,17350.25,17350.25,17350.50,4
2026-02-27T14:30:46.875Z,17350.50,17350.25,17350.50,1
2026-02-27T14:30:47.000Z,17350.50,17350.25,17350.50,1
2026-02-27T14:30:47.125Z,17350.25,17350.25,17350.50,2
2026-02-27T14:30:47.250Z,17350.50,17350.25,17350.50,5
2026-02-27T14:30:47.375Z,17350.50,17350.25,17350.50,3
2026-02-27T14:30:47.500Z,17350.50,17350.25,17350.50,6
2026-02-27T14:30:47.625Z,17350.25,17350.00,17350.25,4
2026-02-27T14:30:47.750Z,17350.25,17350.25,17350.50,6
2026-02-27T14:30:47.875Z,17350.50,17350.25,17350.50,3
2026-02-27T14:30:48.000Z,17350.25,17350.00,17350.25,4
2026-02-27T14:30:48.125Z,17350.25,17350.00,17350.25,6
2026-02-27T14:30:48.250Z,17350.00,17349.75,17350.00,4
2026-02-27T14:30:48.375Z,17349.75,17349.75,17350.00,3
2026-02-27T14:30:48.500Z,17350.00,17349.75,17350.00,2
2026-02-27T14:30:48.625Z,17350.00,17349.75,17350.00,5
2026-02-27T14:30:48.750Z,17349.75,17349.75,17350.00,1
2026-02-27T14:30:48.875Z,17350.00,17349.75,17350.00,3
2026-02-27T14:30:49.000Z,17349.75,17349.75,17350.00,6
2026-02-27T14:30:49.125Z,17349.75,17349.50,17349.75,4
2026-02-27T14:30:49.250Z,17349.75,17349.50,17349.75,5
2026-02-27T14:30:49.375Z,17349.75,17349.75,17350.00,3
2026-02-27T14:30:49.500Z,17350.00,17349.75,17350.00,4
2026-02-27T14:30:49.625Z,17350.00,17349.75,17350.00,6
2026-02-27T14:30:49.750Z,17349.75,17349.75,17350.00,4
2026-02-27T14:30:49.875Z,17350.00,17349.75,17350.00,3
2026-02-27T14:30:50.000Z,17350.00,17349.75,17350.00,3
2026-02-27T14:30:50.125Z,17349.75,17349.75,17350.00,3
2026-02-27T14:30:50.250Z,17350.00,17349.75,17350.00,4
2026-02-27T14:30:50.375Z,17350.00,17349.75,17350.00,5
2026-02-27T14:30:50.500Z,17350.00,17349.75,17350.00,3
2026-02-27T14:30:50.625Z,17350.00,17349.75,17350.00,1
2026-02-27T14:30:50.750Z,17350.00,17349.75,17350.00,1
2026-02-27T14:30:50.875Z,17349.75,17349.75,17350.00,3
2026-02-27T14:30:51.000Z,17349.75,17349.75,17350.00,3
2026-02-27T14:30:51.125Z,17350.00,17349.75,17350.00,6
2026-02-27T14:30:51.250Z,17350.00,17349.75,17350.00,1
2026-02-27T14:30:51.375Z,17349.75,17349.75,17350.00,5
2026-02-27T14:30:51.500Z,17349.75,17349.75,17350.00,3
2026-02-27T14:30:51.625Z,17349.75,17349.75,17350.00,6
2026-02-27T14:30:51.750Z,17350.00,17349.75,17350.00,2
2026-02-27T14:30:51.875Z,17349.50,17349.50,17349.75,5
2026-02-27T14:30:52.000Z,17349.75,17349.50,17349.75,2
2026-02-27T14:30:52.125Z,17349.50,17349.50,17349.75,6
2026-02-27T14:30:52.250Z,17349.75,17349.50,17349.75,1
2026-02-27T14:30:52.375Z,17349.75,17349.50,17349.75,6
2026-02-27T14:30:52.500Z,17349.25,17349.25,17349.50,4
2026-02-27T14:30:52.625Z,17349.25,17349.25,17349.50,6
2026-02-27T14:30:52.750Z,17349.50,17349.25,17349.50,6
2026-02-27T14:30:52.875Z,17349.25,17349.25,17349.50,1
2026-02-27T14:30:53.000Z,17348.25,17348.25,17348.50,3
2026-02-27T14:30:53.125Z,17348.25,17348.25,17348.50,5
2026-02-27T14:30:53.250Z,17348.50,17348.25,17348.50,3
2026-02-27T14:30:53.375Z,17348.25,17348.25,17348.50,2
2026-02-27T14:30:53.500Z,17348.25,17348.25,17348.50,3
2026-02-27T14:30:53.625Z,17348.50,17348.25,17348.50,2
2026-02-27T14:30:53.750Z,17348.50,17348.25,17348.50,2
2026-02-27T14:30:53.875Z,17348.25,17348.25,17348.50,4
2026-02-27T14:30:54.000Z,17348.50,17348.25,17348.50,4
2026-02-27T14:30:54.125Z,17348.25,17348.25,17348.50,6
2026-02-27T14:30:54.250Z,17348.50,17348.50,17348.75,2
2026-02-27T14:30:54.375Z,17348.75,17348.50,17348.75,3
2026-02-27T14:30:54.500Z,17349.00,17348.75,17349.00,4
2026-02-27T14:30:54.625Z,17348.75,17348.75,17349.00,5
2026-02-27T14:30:54.750Z,17348.50,17348.50,17348.75,6
2026-02-27T14:30:54.875Z,17348.25,17348.25,17348.50,4
2026-02-27T14:30:55.000Z,17348.25,17348.25,17348.50,2
2026-02-27T14:30:55.125Z,17348.50,17348.25,17348.50,1
2026-02-27T14:30:55.250Z,17348.25,17348.25,17348.50,5
2026-02-27T14:30:55.375Z,17348.00,17348.00,17348.25,4
2026-02-27T14:30:55.500Z,17348.00,17348.00,17348.25,5
2026-02-27T14:30:55.625Z,17348.25,17348.00,17348.25,5
2026-02-27T14:30:55.750Z,17348.25,17348.00,17348.25,6
2026-02-27T14:30:55.875Z,17348.00,17348.00,17348.25,1
2026-02-27T14:30:56.000Z,17348.00,17348.00,17348.25,3
2026-02-27T14:30:56.125Z,17348.00,17348.00,17348.25,4
2026-02-27T14:30:56.250Z,17348.00,17348.00,17348.25,6
2026-02-27T14:30:56.375Z,17348.25,17348.00,17348.25,1
2026-02-27T14:30:56.500Z,17348.00,17348.00,17348.25,5
2026-02-27T14:30:56.625Z,17348.25,17348.00,17348.25,5
2026-02-27T14:30:56.750Z,17348.25,17348.00,17348.25,6
2026-02-27T14:30:56.875Z,17348.00,17348.00,17348.25,6
2026-02-27T14:30:57.000Z,17348.25,17348.00,17348.25,6
2026-02-27T14:30:57.125Z,17348.00,17348.00,17348.25,4
2026-02-27T14:30:57.250Z,17348.25,17348.00,17348.25,1
2026-02-27T14:30:57.375Z,17348.25,17348.00,17348.25,4
2026-02-27T14:30:57.500Z,17348.25,17348.00,17348.25,4
2026-02-27T14:30:57.625Z,17348.00,17347.75,17348.00,3
2026-02-27T14:30:57.750Z,17347.75,17347.50,17347.75,2
2026-02-27T14:30:57.875Z,17347.50,17347.50,17347.75,3
2026-02-27T14:30:58.000Z,17347.50,17347.50,17347.75,2
2026-02-27T14:30:58.125Z,17348.00,17347.75,17348.00,6
2026-02-27T14:30:58.250Z,17347.75,17347.75,17348.00,3
2026-02-27T14:30:58.375Z,17348.00,17347.75,17348.00,6
2026-02-27T14:30:58.500Z,17348.25,17348.00,17348.25,4
2026-02-27T14:30:58.625Z,17348.25,17348.00,17348.25,5
2026-02-27T14:30:58.750Z,17348.00,17348.00,17348.25,6
2026-02-27T14:30:58.875Z,17348.00,17348.00,17348.25,1
2026-02-27T14:30:59.000Z,17348.25,17348.00,17348.25,5
2026-02-27T14:30:59.125Z,17348.00,17348.00,17348.25,1
2026-02-27T14:30:59.250Z,17348.00,17348.00,17348.25,5
2026-02-27T14:30:59.375Z,17348.25,17348.00,17348.25,4
2026-02-27T14:30:59.500Z,17348.00,17348.00,17348.25,4
2026-02-27T14:30:59.625Z,17348.00,17348.00,17348.25,6
2026-02-27T14:30:59.750Z,17348.00,17348.00,17348.25,6
2026-02-27T14:30:59.875Z,17348.25,17348.00,17348.25,5
2026-02-27T14:31:00.000Z,17348.25,17348.00,17348.25,2
2026-02-27T14:31:00.125Z,17348.00,17348.00,17348.25,3
2026-02-27T14:31:00.250Z,17347.00,17347.00,17347.25,6
2026-02-27T14:31:00.375Z,17347.25,17347.25,17347.50,2
2026-02-27T14:31:00.500Z,17347.50,17347.25,17347.50,4
2026-02-27T14:31:00.625Z,17347.25,17347.25,17347.50,1
2026-02-27T14:31:00.750Z,17347.50,17347.25,17347.50,6
2026-02-27T14:31:00.875Z,17347.50,17347.25,17347.50,6
2026-02-27T14:31:01.000Z,17347.25,17347.25,17347.50,6
2026-02-27T14:31:01.125Z,17347.25,17347.25,17347.50,5
2026-02-27T14:31:01.250Z,17347.50,17347.25,17347.50,5
2026-02-27T14:31:01.375Z,17347.50,17347.25,17347.50,5
2026-02-27T14:31:01.500Z,17347.50,17347.25,17347.50,3
2026-02-27T14:31:01.625Z,17347.25,17347.25,17347.50,5
2026-02-27T14:31:01.750Z,17347.50,17347.25,17347.50,1
2026-02-27T14:31:01.875Z,17347.25,17347.25,17347.50,6
2026-02-27T14:31:02.000Z,17347.50,17347.25,17347.50,3
2026-02-27T14:31:02.125Z,17347.25,17347.25,17347.50,6
2026-02-27T14:31:02.250Z,17347.50,17347.25,17347.50,5
2026-02-27T14:31:02.375Z,17347.50,17347.50,17347.75,2
2026-02-27T14:31:02.500Z,17347.50,17347.50,17347.75,6
2026-02-27T14:31:02.625Z,17347.50,17347.50,17347.75,6
2026-02-27T14:31:02.750Z,17347.75,17347.50,17347.75,5
2026-02-27T14:31:02.875Z,17347.50,17347.25,17347.50,2
2026-02-27T14:31:03.000Z,17347.50,17347.50,17347.75,5
2026-02-27T14:31:03.125Z,17347.75,17347.75,17348.00,6
2026-02-27T14:31:03.250Z,17347.75,17347.75,17348.00,2
2026-02-27T14:31:03.375Z,17347.75,17347.75,17348.00,4
2026-02-27T14:31:03.500Z,17347.75,17347.50,17347.75,3
2026-02-27T14:31:03.625Z,17347.50,17347.50,17347.75,1
2026-02-27T14:31:03.750Z,17347.75,17347.50,17347.75,1
2026-02-27T14:31:03.875Z,17347.50,17347.50,17347.75,3
2026-02-27T14:31:04.000Z,17347.75,17347.50,17347.75,4
2026-02-27T14:31:04.125Z,17347.50,17347.50,17347.75,3
2026-02-27T14:31:04.250Z,17347.75,17347.50,17347.75,5
2026-02-27T14:31:04.375Z,17348.00,17347.75,17348.00,6
2026-02-27T14:31:04.500Z,17348.00,17347.75,17348.00,1
2026-02-27T14:31:04.625Z,17347.75,17347.75,17348.00,5
2026-02-27T14:31:04.750Z,17347.75,17347.75,17348.00,5
2026-02-27T14:31:04.875Z,17348.00,17347.75,17348.00,5
2026-02-27T14:31:05.000Z,17347.75,17347.75,17348.00,1
2026-02-27T14:31:05.125Z,17347.75,17347.75,17348.00,6
2026-02-27T14:31:05.250Z,17348.00,17347.75,17348.00,1
2026-02-27T14:31:05.375Z,17348.00,17347.75,17348.00,5
2026-02-27T14:31:05.500Z,17347.75,17347.75,17348.00,2
2026-02-27T14:31:05.625Z,17347.75,17347.75,17348.00,1
2026-02-27T14:31:05.750Z,17347.75,17347.50,17347.75,4
2026-02-27T14:31:05.875Z,17347.75,17347.75,17348.00,1
2026-02-27T14:31:06.000Z,17348.00,17347.75,17348.00,1
2026-02-27T14:31:06.125Z,17348.25,17348.00,17348.25,5
2026-02-27T14:31:06.250Z,17348.00,17348.00,17348.25,1
2026-02-27T14:31:06.375Z,17348.00,17348.00,17348.25,3
2026-02-27T14:31:06.500Z,17348.00,17348.00,17348.25,5
2026-02-27T14:31:06.625Z,17348.25,17348.00,17348.25,4
2026-02-27T14:31:06.750Z,17348.00,17348.00,17348.25,6
2026-02-27T14:31:06.875Z,17348.25,17348.00,17348.25,3
2026-02-27T14:31:07.000Z,17348.00,17348.00,17348.25,3
2026-02-27T14:31:07.125Z,17348.25,17348.00,17348.25,6
2026-02-27T14:31:07.250Z,17348.00,17348.00,17348.25,5
2026-02-27T14:31:07.375Z,17348.25,17348.00,17348.25,5
2026-02-27T14:31:07.500Z,17348.00,17347.75,17348.00,4
2026-02-27T14:31:07.625Z,17348.00,17348.00,17348.25,6
2026-02-27T14:31:07.750Z,17348.00,17348.00,17348.25,1
2026-02-27T14:31:07.875Z,17348.00,17348.00,17348.25,2
2026-02-27T14:31:08.000Z,17348.00,17348.00,17348.25,2
2026-02-27T14:31:08.125Z,17348.25,17348.00,17348.25,1
2026-02-27T14:31:08.250Z,17348.25,17348.00,17348.25,6
2026-02-27T14:31:08.375Z,17348.25,17348.25,17348.50,4
2026-02-27T14:31:08.500Z,17348.25,17348.25,17348.50,4
2026-02-27T14:31:08.625Z,17348.50,17348.25,17348.50,5
2026-02-27T14:31:08.750Z,17348.50,17348.25,17348.50,6
2026-02-27T14:31:08.875Z,17348.50,17348.25,17348.50,6
2026-02-27T14:31:09.000Z,17348.25,17348.25,17348.50,6
2026-02-27T14:31:09.125Z,17348.25,17348.25,17348.50,5
2026-02-27T14:31:09.250Z,17348.25,17348.25,17348.50,4
2026-02-27T14:31:09.375Z,17348.25,17348.25,17348.50,5
2026-02-27T14:31:09.500Z,17348.50,17348.25,17348.50,2
2026-02-27T14:31:09.625Z,17348.25,17348.25,17348.50,6
2026-02-27T14:31:09.750Z,17348.25,17348.25,17348.50,1
2026-02-27T14:31:09.875Z,17348.00,17348.00,17348.25,4
2026-02-27T14:31:10.000Z,17348.25,17348.00,17348.25,5
2026-02-27T14:31:10.125Z,17348.00,17347.75,17348.00,5
2026-02-27T14:31:10.250Z,17348.00,17347.75,17348.00,5
2026-02-27T14:31:10.375Z,17347.75,17347.75,17348.00,4
2026-02-27T14:31:10.500Z,17347.75,17347.75,17348.00,4
2026-02-27T14:31:10.625Z,17347.75,17347.75,17348.00,5
2026-02-27T14:31:10.750Z,17348.00,17347.75,17348.00,2
2026-02-27T14:31:10.875Z,17347.75,17347.75,17348.00,5
2026-02-27T14:31:11.000Z,17348.25,17348.00,17348.25,1
2026-02-27T14:31:11.125Z,17348.25,17348.00,17348.25,6
2026-02-27T14:31:11.250Z,17348.00,17348.00,17348.25,2
2026-02-27T14:31:11.375Z,17348.00,17348.00,17348.25,2
2026-02-27T14:31:11.500Z,17348.25,17348.00,17348.25,3
2026-02-27T14:31:11.625Z,17348.25,17348.00,17348.25,4
2026-02-27T14:31:11.750Z,17348.00,17348.00,17348.25,5
2026-02-27T14:31:11.875Z,17348.25,17348.00,17348.25,5
2026-02-27T14:31:12.000Z,17348.00,17348.00,17348.25,4
2026-02-27T14:31:12.125Z,17348.25,17348.00,17348.25,6
2026-02-27T14:31:12.250Z,17348.25,17348.00,17348.25,4
2026-02-27T14:31:12.375Z,17348.00,17348.00,17348.25,2
2026-02-27T14:31:12.500Z,17348.00,17348.00,17348.25,4
2026-02-27T14:31:12.625Z,17348.00,17348.00,17348.25,1
2026-02-27T14:31:12.750Z,17348.00,17348.00,17348.25,4
2026-02-27T14:31:12.875Z,17348.00,17348.00,17348.25,5
2026-02-27T14:31:13.000Z,17348.00,17348.00,17348.25,1
2026-02-27T14:31:13.125Z,17348.25,17348.00,17348.25,3
2026-02-27T14:31:13.250Z,17348.25,17348.00,17348.25,5
2026-02-27T14:31:13.375Z,17348.00,17348.00,17348.25,5
2026-02-27T14:31:13.500Z,17348.25,17348.00,17348.25,4
2026-02-27T14:31:13.625Z,17348.50,17348.25,17348.50,3
2026-02-27T14:31:13.750Z,17348.50,17348.25,17348.50,1
2026-02-27T14:31:13.875Z,17348.25,17348.25,17348.50,3
2026-02-27T14:31:14.000Z,17348.25,17348.00,17348.25,2
2026-02-27T14:31:14.125Z,17348.00,17348.00,17348.25,4
2026-02-27T14:31:14.250Z,17348.25,17348.00,17348.25,1
2026-02-27T14:31:14.375Z,17348.00,17348.00,17348.25,3
2026-02-27T14:31:14.500Z,17348.00,17348.00,17348.25,3
2026-02-27T14:31:14.625Z,17348.50,17348.25,17348.50,5
2026-02-27T14:31:14.750Z,17348.25,17348.25,17348.50,4
2026-02-27T14:31:14.875Z,17348.50,17348.25,17348.50,4
2026-02-27T14:31:15.000Z,17348.25,17348.25,17348.50,6
2026-02-27T14:31:15.125Z,17348.50,17348.25,17348.50,5
2026-02-27T14:31:15.250Z,17348.50,17348.25,17348.50,3
2026-02-27T14:31:15.375Z,17348.25,17348.25,17348.50,2
2026-02-27T14:31:15.500Z,17348.00,17348.00,17348.25,6
2026-02-27T14:31:15.625Z,17348.25,17348.25,17348.50,1
2026-02-27T14:31:15.750Z,17348.25,17348.25,17348.50,2
2026-02-27T14:31:15.875Z,17348.25,17348.25,17348.50,4
2026-02-27T14:31:16.000Z,17348.25,17348.25,17348.50,1
2026-02-27T14:31:16.125Z,17348.00,17348.00,17348.25,5
2026-02-27T14:31:16.250Z,17347.50,17347.50,17347.75,5
2026-02-27T14:31:16.375Z,17347.50,17347.50,17347.75,5
2026-02-27T14:31:16.500Z,17347.25,17347.25,17347.50,3
2026-02-27T14:31:16.625Z,17347.25,17347.25,17347.50,6
2026-02-27T14:31:16.750Z,17347.75,17347.50,17347.75,3
2026-02-27T14:31:16.875Z,17347.50,17347.50,17347.75,6
2026-02-27T14:31:17.000Z,17347.75,17347.75,17348.00,5
2026-02-27T14:31:17.125Z,17347.75,17347.75,17348.00,5
2026-02-27T14:31:17.250Z,17347.75,17347.75,17348.00,1
2026-02-27T14:31:17.375Z,17347.75,17347.75,17348.00,4
2026-02-27T14:31:17.500Z,17348.00,17347.75,17348.00,2
2026-02-27T14:31:17.625Z,17347.75,17347.75,17348.00,6
2026-02-27T14:31:17.750Z,17347.75,17347.75,17348.00,5
2026-02-27T14:31:17.875Z,17348.00,17347.75,17348.00,2
2026-02-27T14:31:18.000Z,17348.00,17347.75,17348.00,2
2026-02-27T14:31:18.125Z,17348.00,17347.75,17348.00,3
2026-02-27T14:31:18.250Z,17348.00,17347.75,17348.00,3
2026-02-27T14:31:18.375Z,17347.75,17347.75,17348.00,6
2026-02-27T14:31:18.500Z,17347.75,17347.75,17348.00,1
2026-02-27T14:31:18.625Z,17348.00,17348.00,17348.25,1
2026-02-27T14:31:18.750Z,17348.50,17348.25,17348.50,6
2026-02-27T14:31:18.875Z,17348.50,17348.50,17348.75,4
2026-02-27T14:31:19.000Z,17348.50,17348.25,17348.50,2
2026-02-27T14:31:19.125Z,17348.50,17348.50,17348.75,4
2026-02-27T14:31:19.250Z,17348.50,17348.50,17348.75,5
2026-02-27T14:31:19.375Z,17348.50,17348.50,17348.75,5
2026-02-27T14:31:19.500Z,17348.50,17348.25,17348.50,3
2026-02-27T14:31:19.625Z,17348.00,17348.00,17348.25,5
2026-02-27T14:31:19.750Z,17348.25,17348.00,17348.25,1
2026-02-27T14:31:19.875Z,17348.00,17348.00,17348.25,5
2026-02-27T14:31:20.000Z,17348.25,17348.00,17348.25,4
2026-02-27T14:31:20.125Z,17348.00,17348.00,17348.25,6
2026-02-27T14:31:20.250Z,17348.25,17348.00,17348.25,4
2026-02-27T14:31:20.375Z,17348.25,17348.00,17348.25,4
2026-02-27T14:31:20.500Z,17348.00,17348.00,17348.25,3
2026-02-27T14:31:20.625Z,17348.25,17348.00,17348.25,4
2026-02-27T14:31:20.750Z,17348.25,17348.25,17348.50,3
2026-02-27T14:31:20.875Z,17348.50,17348.25,17348.50,5
2026-02-27T14:31:21.000Z,17348.25,17348.25,17348.50,2
2026-02-27T14:31:21.125Z,17348.50,17348.50,17348.75,1
2026-02-27T14:31:21.250Z,17348.50,17348.50,17348.75,6
2026-02-27T14:31:21.375Z,17348.50,17348.50,17348.75,6
2026-02-27T14:31:21.500Z,17348.50,17348.50,17348.75,6
2026-02-27T14:31:21.625Z,17348.25,17348.25,17348.50,5
2026-02-27T14:31:21.750Z,17348.50,17348.25,17348.50,5
2026-02-27T14:31:21.875Z,17348.50,17348.25,17348.50,5
2026-02-27T14:31:22.000Z,17348.75,17348.50,17348.75,2
2026-02-27T14:31:22.125Z,17348.50,17348.50,17348.75,5
2026-02-27T14:31:22.250Z,17348.50,17348.50,17348.75,2
2026-02-27T14:31:22.375Z,17348.25,17348.25,17348.50,5
2026-02-27T14:31:22.500Z,17348.00,17348.00,17348.25,5
2026-02-27T14:31:22.625Z,17348.00,17347.75,17348.00,6
2026-02-27T14:31:22.750Z,17348.00,17347.75,17348.00,5
2026-02-27T14:31:22.875Z,17348.00,17348.00,17348.25,5
2026-02-27T14:31:23.000Z,17348.00,17348.00,17348.25,6
2026-02-27T14:31:23.125Z,17348.00,17348.00,17348.25,5
2026-02-27T14:31:23.250Z,17348.00,17348.00,17348.25,1
2026-02-27T14:31:23.375Z,17348.25,17348.00,17348.25,1
2026-02-27T14:31:23.500Z,17347.75,17347.75,17348.00,3
2026-02-27T14:31:23.625Z,17347.75,17347.75,17348.00,3
2026-02-27T14:31:23.750Z,17348.00,17347.75,17348.00,2
2026-02-27T14:31:23.875Z,17348.00,17347.75,17348.00,5
2026-02-27T14:31:24.000Z,17348.00,17347.75,17348.00,3
2026-02-27T14:31:24.125Z,17347.75,17347.75,17348.00,5
2026-02-27T14:31:24.250Z,17347.75,17347.75,17348.00,3
2026-02-27T14:31:24.375Z,17348.00,17347.75,17348.00,4
2026-02-27T14:31:24.500Z,17347.75,17347.75,17348.00,3
2026-02-27T14:31:24.625Z,17347.75,17347.75,17348.00,3
2026-02-27T14:31:24.750Z,17348.00,17347.75,17348.00,1
2026-02-27T14:31:24.875Z,17347.75,17347.75,17348.00,3
2026-02-27T14:31:25.000Z,17347.75,17347.50,17347.75,2
2026-02-27T14:31:25.125Z,17347.75,17347.50,17347.75,6
2026-02-27T14:31:25.250Z,17347.75,17347.50,17347.75,5
2026-02-27T14:31:25.375Z,17347.75,17347.50,17347.75,2
2026-02-27T14:31:25.500Z,17347.75,17347.50,17347.75,3
2026-02-27T14:31:25.625Z,17346.75,17346.75,17347.00,5
2026-02-27T14:31:25.750Z,17347.00,17346.75,17347.00,2
2026-02-27T14:31:25.875Z,17347.00,17346.75,17347.00,4
2026-02-27T14:31:26.000Z,17346.75,17346.75,17347.00,5
2026-02-27T14:31:26.125Z,17347.00,17346.75,17347.00,3
2026-02-27T14:31:26.250Z,17346.75,17346.75,17347.00,4
2026-02-27T14:31:26.375Z,17347.00,17346.75,17347.00,5
2026-02-27T14:31:26.500Z,17346.75,17346.75,17347.00,5
2026-02-27T14:31:26.625Z,17346.75,17346.75,17347.00,2
2026-02-27T14:31:26.750Z,17346.50,17346.50,17346.75,1
2026-02-27T14:31:26.875Z,17346.75,17346.50,17346.75,5
2026-02-27T14:31:27.000Z,17346.75,17346.50,17346.75,3
2026-02-27T14:31:27.125Z,17346.75,17346.50,17346.75,6
2026-02-27T14:31:27.250Z,17346.25,17346.25,17346.50,6
2026-02-27T14:31:27.375Z,17346.25,17346.25,17346.50,3
2026-02-27T14:31:27.500Z,17346.50,17346.25,17346.50,5
2026-02-27T14:31:27.625Z,17346.25,17346.25,17346.50,6
2026-02-27T14:31:27.750Z,17346.25,17346.25,17346.50,4
2026-02-27T14:31:27.875Z,17346.50,17346.25,17346.50,2
2026-02-27T14:31:28.000Z,17346.50,17346.25,17346.50,3
2026-02-27T14:31:28.125Z,17346.50,17346.50,17346.75,2
2026-02-27T14:31:28.250Z,17346.75,17346.75,17347.00,1
2026-02-27T14:31:28.375Z,17347.00,17346.75,17347.00,4
2026-02-27T14:31:28.500Z,17347.25,17347.00,17347.25,4
2026-02-27T14:31:28.625Z,17347.00,17347.00,17347.25,4
2026-02-27T14:31:28.750Z,17347.25,17347.00,17347.25,6
2026-02-27T14:31:28.875Z,17347.00,17347.00,17347.25,3
2026-02-27T14:31:29.000Z,17347.25,17347.00,17347.25,1
2026-02-27T14:31:29.125Z,17347.25,17347.00,17347.25,2
2026-02-27T14:31:29.250Z,17347.25,17347.00,17347.25,2
2026-02-27T14:31:29.375Z,17347.00,17347.00,17347.25,6
2026-02-27T14:31:29.500Z,17347.25,17347.00,17347.25,3
2026-02-27T14:31:29.625Z,17347.00,17347.00,17347.25,6
2026-02-27T14:31:29.750Z,17347.00,17347.00,17347.25,6
2026-02-27T14:31:29.875Z,17347.25,17347.00,17347.25,1
2026-02-27T14:31:30.000Z,17347.25,17347.00,17347.25,1
2026-02-27T14:31:30.125Z,17347.25,17347.00,17347.25,4
2026-02-27T14:31:30.250Z,17347.25,17347.00,17347.25,5
2026-02-27T14:31:30.375Z,17347.25,17347.00,17347.25,5
2026-02-27T14:31:30.500Z,17347.25,17347.00,17347.25,5
2026-02-27T14:31:30.625Z,17347.25,17347.00,17347.25,4
2026-02-27T14:31:30.750Z,17347.25,17347.00,17347.25,1
2026-02-27T14:31:30.875Z,17347.00,17347.00,17347.25,1
2026-02-27T14:31:31.000Z,17347.00,17347.00,17347.25,1
2026-02-27T14:31:31.125Z,17347.00,17347.00,17347.25,4
2026-02-27T14:31:31.250Z,17347.00,17347.00,17347.25,5
2026-02-27T14:31:31.375Z,17347.25,17347.00,17347.25,4
2026-02-27T14:31:31.500Z,17347.00,17347.00,17347.25,5
2026-02-27T14:31:31.625Z,17347.25,17347.00,17347.25,2
2026-02-27T14:31:31.750Z,17347.25,17347.00,17347.25,3
2026-02-27T14:31:31.875Z,17347.50,17347.25,17347.50,2
2026-02-27T14:31:32.000Z,17347.50,17347.25,17347.50,6
2026-02-27T14:31:32.125Z,17347.50,17347.25,17347.50,3
2026-02-27T14:31:32.250Z,17346.50,17346.50,17346.75,3
2026-02-27T14:31:32.375Z,17346.50,17346.25,17346.50,4
2026-02-27T14:31:32.500Z,17346.25,17346.25,17346.50,3
2026-02-27T14:31:32.625Z,17346.25,17346.25,17346.50,3
2026-02-27T14:31:32.750Z,17346.00,17346.00,17346.25,2
2026-02-27T14:31:32.875Z,17346.25,17346.00,17346.25,4
2026-02-27T14:31:33.000Z,17346.25,17346.25,17346.50,3
2026-02-27T14:31:33.125Z,17346.25,17346.25,17346.50,5
2026-02-27T14:31:33.250Z,17346.25,17346.25,17346.50,4
2026-02-27T14:31:33.375Z,17346.00,17346.00,17346.25,4
2026-02-27T14:31:33.500Z,17345.75,17345.75,17346.00,6
2026-02-27T14:31:33.625Z,17346.25,17346.00,17346.25,5
2026-02-27T14:31:33.750Z,17346.25,17346.00,17346.25,5
2026-02-27T14:31:33.875Z,17346.25,17346.00,17346.25,3
2026-02-27T14:31:34.000Z,17346.25,17346.00,17346.25,1
2026-02-27T14:31:34.125Z,17346.25,17346.00,17346.25,1
2026-02-27T14:31:34.250Z,17345.75,17345.75,17346.00,5
2026-02-27T14:31:34.375Z,17345.75,17345.75,17346.00,3
2026-02-27T14:31:34.500Z,17346.25,17346.00,17346.25,1
2026-02-27T14:31:34.625Z,17346.00,17346.00,17346.25,1
2026-02-27T14:31:34.750Z,17346.50,17346.25,17346.50,1
2026-02-27T14:31:34.875Z,17346.50,17346.25,17346.50,6
2026-02-27T14:31:35.000Z,17346.25,17346.25,17346.50,4
2026-02-27T14:31:35.125Z,17346.50,17346.25,17346.50,5
2026-02-27T14:31:35.250Z,17346.25,17346.25,17346.50,3
2026-02-27T14:31:35.375Z,17346.25,17346.25,17346.50,2
2026-02-27T14:31:35.500Z,17346.25,17346.25,17346.50,1
2026-02-27T14:31:35.625Z,17346.75,17346.50,17346.75,3
2026-02-27T14:31:35.750Z,17346.75,17346.50,17346.75,3
2026-02-27T14:31:35.875Z,17346.75,17346.50,17346.75,2
2026-02-27T14:31:36.000Z,17346.50,17346.50,17346.75,4
2026-02-27T14:31:36.125Z,17346.25,17346.25,17346.50,4
2026-02-27T14:31:36.250Z,17346.00,17346.00,17346.25,3
2026-02-27T14:31:36.375Z,17346.00,17346.00,17346.25,5
2026-02-27T14:31:36.500Z,17346.25,17346.25,17346.50,3
2026-02-27T14:31:36.625Z,17346.50,17346.25,17346.50,1
2026-02-27T14:31:36.750Z,17346.50,17346.25,17346.50,1
2026-02-27T14:31:36.875Z,17346.25,17346.25,17346.50,5
2026-02-27T14:31:37.000Z,17346.25,17346.00,17346.25,6
2026-02-27T14:31:37.125Z,17346.00,17346.00,17346.25,4
2026-02-27T14:31:37.250Z,17346.25,17346.00,17346.25,1
2026-02-27T14:31:37.375Z,17346.25,17346.00,17346.25,4
2026-02-27T14:31:37.500Z,17346.25,17346.00,17346.25,4
2026-02-27T14:31:37.625Z,17346.25,17346.00,17346.25,3
2026-02-27T14:31:37.750Z,17346.25,17346.00,17346.25,1
2026-02-27T14:31:37.875Z,17346.50,17346.25,17346.50,5
2026-02-27T14:31:38.000Z,17346.50,17346.25,17346.50,2
2026-02-27T14:31:38.125Z,17346.00,17346.00,17346.25,5
2026-02-27T14:31:38.250Z,17346.25,17346.00,17346.25,5
2026-02-27T14:31:38.375Z,17346.50,17346.25,17346.50,5
2026-02-27T14:31:38.500Z,17346.50,17346.25,17346.50,6
2026-02-27T14:31:38.625Z,17346.50,17346.25,17346.50,3
2026-02-27T14:31:38.750Z,17346.25,17346.25,17346.50,5
2026-02-27T14:31:38.875Z,17346.25,17346.25,17346.50,6
2026-02-27T14:31:39.000Z,17346.50,17346.25,17346.50,3
2026-02-27T14:31:39.125Z,17346.50,17346.25,17346.50,6
2026-02-27T14:31:39.250Z,17346.50,17346.25,17346.50,3
2026-02-27T14:31:39.375Z,17346.25,17346.25,17346.50,2
2026-02-27T14:31:39.500Z,17346.50,17346.25,17346.50,2
2026-02-27T14:31:39.625Z,17346.25,17346.25,17346.50,1
2026-02-27T14:31:39.750Z,17346.25,17346.25,17346.50,1
2026-02-27T14:31:39.875Z,17346.50,17346.25,17346.50,6
2026-02-27T14:31:40.000Z,17346.50,17346.25,17346.50,4
2026-02-27T14:31:40.125Z,17346.75,17346.50,17346.75,4
2026-02-27T14:31:40.250Z,17346.75,17346.50,17346.75,2
2026-02-27T14:31:40.375Z,17346.50,17346.50,17346.75,4
2026-02-27T14:31:40.500Z,17347.00,17346.75,17347.00,2
2026-02-27T14:31:40.625Z,17347.00,17346.75,17347.00,6
2026-02-27T14:31:40.750Z,17347.00,17346.75,17347.00,5
2026-02-27T14:31:40.875Z,17346.75,17346.75,17347.00,2
2026-02-27T14:31:41.000Z,17346.75,17346.75,17347.00,2
2026-02-27T14:31:41.125Z,17346.75,17346.75,17347.00,1
2026-02-27T14:31:41.250Z,17347.00,17346.75,17347.00,5
2026-02-27T14:31:41.375Z,17346.75,17346.50,17346.75,4
2026-02-27T14:31:41.500Z,17346.75,17346.50,17346.75,4
2026-02-27T14:31:41.625Z,17346.50,17346.50,17346.75,6
2026-02-27T14:31:41.750Z,17346.25,17346.25,17346.50,2
2026-02-27T14:31:41.875Z,17346.50,17346.25,17346.50,6
2026-02-27T14:31:42.000Z,17346.25,17346.25,17346.50,6
2026-02-27T14:31:42.125Z,17346.25,17346.25,17346.50,4
2026-02-27T14:31:42.250Z,17346.50,17346.25,17346.50,3
2026-02-27T14:31:42.375Z,17346.50,17346.25,17346.50,6
2026-02-27T14:31:42.500Z,17346.50,17346.25,17346.50,1
2026-02-27T14:31:42.625Z,17346.50,17346.25,17346.50,4
2026-02-27T14:31:42.750Z,17346.25,17346.25,17346.50,2
2026-02-27T14:31:42.875Z,17346.50,17346.25,17346.50,5
2026-02-27T14:31:43.000Z,17346.25,17346.25,17346.50,3
2026-02-27T14:31:43.125Z,17346.25,17346.25,17346.50,5
2026-02-27T14:31:43.250Z,17346.50,17346.25,17346.50,1
2026-02-27T14:31:43.375Z,17346.25,17346.25,17346.50,5
2026-02-27T14:31:43.500Z,17346.50,17346.25,17346.50,5
2026-02-27T14:31:43.625Z,17346.25,17346.25,17346.50,6
2026-02-27T14:31:43.750Z,17346.25,17346.00,17346.25,1
2026-02-27T14:31:43.875Z,17346.00,17346.00,17346.25,2
2026-02-27T14:31:44.000Z,17346.00,17346.00,17346.25,4
2026-02-27T14:31:44.125Z,17346.25,17346.00,17346.25,1
2026-02-27T14:31:44.250Z,17346.00,17346.00,17346.25,3
2026-02-27T14:31:44.375Z,17346.00,17346.00,17346.25,6
2026-02-27T14:31:44.500Z,17346.00,17346.00,17346.25,6
2026-02-27T14:31:44.625Z,17346.25,17346.00,17346.25,6
2026-02-27T14:31:44.750Z,17346.25,17346.00,17346.25,4
2026-02-27T14:31:44.875Z,17346.25,17346.00,17346.25,2
2026-02-27T14:31:45.000Z,17346.25,17346.00,17346.25,4
2026-02-27T14:31:45.125Z,17346.00,17346.00,17346.25,4
2026-02-27T14:31:45.250Z,17346.00,17346.00,17346.25,5
2026-02-27T14:31:45.375Z,17346.00,17346.00,17346.25,5
2026-02-27T14:31:45.500Z,17346.25,17346.00,17346.25,5
2026-02-27T14:31:45.625Z,17346.00,17346.00,17346.25,6
2026-02-27T14:31:45.750Z,17346.25,17346.00,17346.25,3
2026-02-27T14:31:45.875Z,17346.25,17346.00,17346.25,6
2026-02-27T14:31:46.000Z,17346.00,17346.00,17346.25,4
2026-02-27T14:31:46.125Z,17346.00,17346.00,17346.25,2
2026-02-27T14:31:46.250Z,17346.00,17346.00,17346.25,4
2026-02-27T14:31:46.375Z,17346.25,17346.00,17346.25,3
2026-02-27T14:31:46.500Z,17346.25,17346.00,17346.25,5
2026-02-27T14:31:46.625Z,17345.75,17345.75,17346.00,6
2026-02-27T14:31:46.750Z,17346.25,17346.00,17346.25,5
2026-02-27T14:31:46.875Z,17346.00,17346.00,17346.25,6
2026-02-27T14:31:47.000Z,17346.25,17346.00,17346.25,2
2026-02-27T14:31:47.125Z,17346.00,17346.00,17346.25,2
2026-02-27T14:31:47.250Z,17346.25,17346.00,17346.25,6
2026-02-27T14:31:47.375Z,17346.50,17346.25,17346.50,6
2026-02-27T14:31:47.500Z,17346.50,17346.25,17346.50,6
2026-02-27T14:31:47.625Z,17346.25,17346.25,17346.50,3
2026-02-27T14:31:47.750Z,17346.50,17346.50,17346.75,5
2026-02-27T14:31:47.875Z,17346.75,17346.50,17346.75,1
2026-02-27T14:31:48.000Z,17346.50,17346.50,17346.75,1
2026-02-27T14:31:48.125Z,17347.25,17347.25,17347.50,3
2026-02-27T14:31:48.250Z,17347.50,17347.25,17347.50,4
2026-02-27T14:31:48.375Z,17347.50,17347.25,17347.50,4
2026-02-27T14:31:48.500Z,17347.25,17347.25,17347.50,5
2026-02-27T14:31:48.625Z,17347.25,17347.25,17347.50,6
2026-02-27T14:31:48.750Z,17347.25,17347.00,17347.25,5
2026-02-27T14:31:48.875Z,17347.00,17347.00,17347.25,5
2026-02-27T14:31:49.000Z,17347.00,17347.00,17347.25,2
2026-02-27T14:31:49.125Z,17347.50,17347.25,17347.50,5
2026-02-27T14:31:49.250Z,17347.25,17347.25,17347.50,4
2026-02-27T14:31:49.375Z,17347.25,17347.25,17347.50,6
2026-02-27T14:31:49.500Z,17347.50,17347.25,17347.50,5
2026-02-27T14:31:49.625Z,17347.50,17347.25,17347.50,5
2026-02-27T14:31:49.750Z,17347.75,17347.75,17348.00,4
2026-02-27T14:31:49.875Z,17347.75,17347.75,17348.00,4
2026-02-27T14:31:50.000Z,17348.00,17347.75,17348.00,2
2026-02-27T14:31:50.125Z,17347.75,17347.75,17348.00,3
2026-02-27T14:31:50.250Z,17347.75,17347.75,17348.00,3
2026-02-27T14:31:50.375Z,17348.00,17347.75,17348.00,5
2026-02-27T14:31:50.500Z,17348.00,17347.75,17348.00,6
2026-02-27T14:31:50.625Z,17347.75,17347.75,17348.00,1
2026-02-27T14:31:50.750Z,17348.00,17347.75,17348.00,2
2026-02-27T14:31:50.875Z,17348.25,17348.00,17348.25,4
2026-02-27T14:31:51.000Z,17348.25,17348.00,17348.25,1
2026-02-27T14:31:51.125Z,17348.00,17348.00,17348.25,5
2026-02-27T14:31:51.250Z,17348.25,17348.00,17348.25,1
2026-02-27T14:31:51.375Z,17348.25,17348.00,17348.25,6
2026-02-27T14:31:51.500Z,17348.00,17348.00,17348.25,5
2026-02-27T14:31:51.625Z,17348.25,17348.00,17348.25,2
2026-02-27T14:31:51.750Z,17348.00,17347.75,17348.00,3
2026-02-27T14:31:51.875Z,17347.75,17347.75,17348.00,2
2026-02-27T14:31:52.000Z,17347.75,17347.75,17348.00,5
2026-02-27T14:31:52.125Z,17347.75,17347.75,17348.00,4
2026-02-27T14:31:52.250Z,17348.00,17347.75,17348.00,6
2026-02-27T14:31:52.375Z,17348.00,17348.00,17348.25,3
2026-02-27T14:31:52.500Z,17347.75,17347.75,17348.00,1
2026-02-27T14:31:52.625Z,17348.00,17347.75,17348.00,3
2026-02-27T14:31:52.750Z,17347.75,17347.75,17348.00,1
2026-02-27T14:31:52.875Z,17348.00,17347.75,17348.00,4
2026-02-27T14:31:53.000Z,17347.75,17347.75,17348.00,5
2026-02-27T14:31:53.125Z,17347.75,17347.75,17348.00,1
2026-02-27T14:31:53.250Z,17348.00,17348.00,17348.25,4
2026-02-27T14:31:53.375Z,17348.25,17348.00,17348.25,4
2026-02-27T14:31:53.500Z,17348.00,17348.00,17348.25,2
2026-02-27T14:31:53.625Z,17348.25,17348.00,17348.25,4
2026-02-27T14:31:53.750Z,17348.00,17348.00,17348.25,1
2026-02-27T14:31:53.875Z,17348.00,17348.00,17348.25,4
2026-02-27T14:31:54.000Z,17348.25,17348.00,17348.25,6
2026-02-27T14:31:54.125Z,17347.75,17347.75,17348.00,4
2026-02-27T14:31:54.250Z,17348.00,17347.75,17348.00,1
2026-02-27T14:31:54.375Z,17347.75,17347.75,17348.00,2
2026-02-27T14:31:54.500Z,17348.00,17347.75,17348.00,4
2026-02-27T14:31:54.625Z,17348.00,17347.75,17348.00,5
2026-02-27T14:31:54.750Z,17347.75,17347.75,17348.00,2
2026-02-27T14:31:54.875Z,17348.00,17348.00,17348.25,2
2026-02-27T14:31:55.000Z,17348.00,17347.75,17348.00,3
2026-02-27T14:31:55.125Z,17347.75,17347.75,17348.00,4
2026-02-27T14:31:55.250Z,17347.75,17347.50,17347.75,3
2026-02-27T14:31:55.375Z,17347.75,17347.50,17347.75,5
2026-02-27T14:31:55.500Z,17347.75,17347.50,17347.75,2
2026-02-27T14:31:55.625Z,17347.50,17347.50,17347.75,4
2026-02-27T14:31:55.750Z,17347.75,17347.75,17348.00,4
2026-02-27T14:31:55.875Z,17348.00,17347.75,17348.00,6
2026-02-27T14:31:56.000Z,17347.75,17347.75,17348.00,3
2026-02-27T14:31:56.125Z,17348.00,17347.75,17348.00,3
2026-02-27T14:31:56.250Z,17348.25,17348.00,17348.25,1
2026-02-27T14:31:56.375Z,17348.25,17348.00,17348.25,3
2026-02-27T14:31:56.500Z,17347.75,17347.75,17348.00,5
2026-02-27T14:31:56.625Z,17348.00,17347.75,17348.00,3
2026-02-27T14:31:56.750Z,17348.25,17348.00,17348.25,1
2026-02-27T14:31:56.875Z,17348.00,17348.00,17348.25,1
2026-02-27T14:31:57.000Z,17348.00,17348.00,17348.25,2
2026-02-27T14:31:57.125Z,17348.50,17348.25,17348.50,2
2026-02-27T14:31:57.250Z,17348.25,17348.25,17348.50,4
2026-02-27T14:31:57.375Z,17348.50,17348.50,17348.75,6
2026-02-27T14:31:57.500Z,17348.75,17348.50,17348.75,4
2026-02-27T14:31:57.625Z,17348.75,17348.50,17348.75,4
2026-02-27T14:31:57.750Z,17348.75,17348.50,17348.75,1
2026-02-27T14:31:57.875Z,17348.75,17348.50,17348.75,4
2026-02-27T14:31:58.000Z,17348.75,17348.50,17348.75,2
2026-02-27T14:31:58.125Z,17348.50,17348.25,17348.50,6
2026-02-27T14:31:58.250Z,17348.25,17348.25,17348.50,4
2026-02-27T14:31:58.375Z,17348.25,17348.25,17348.50,1
2026-02-27T14:31:58.500Z,17348.50,17348.25,17348.50,2
2026-02-27T14:31:58.625Z,17348.25,17348.25,17348.50,2
2026-02-27T14:31:58.750Z,17348.50,17348.25,17348.50,1
2026-02-27T14:31:58.875Z,17348.50,17348.25,17348.50,1
2026-02-27T14:31:59.000Z,17348.25,17348.00,17348.25,5
2026-02-27T14:31:59.125Z,17348.25,17348.00,17348.25,4
2026-02-27T14:31:59.250Z,17348.50,17348.25,17348.50,2
2026-02-27T14:31:59.375Z,17348.25,17348.25,17348.50,1
2026-02-27T14:31:59.500Z,17348.25,17348.25,17348.50,5
2026-02-27T14:31:59.625Z,17348.25,17348.25,17348.50,2
2026-02-27T14:31:59.750Z,17348.25,17348.25,17348.50,6
2026-02-27T14:31:59.875Z,17348.50,17348.50,17348.75,4
2026-02-27T14:32:00.000Z,17348.75,17348.50,17348.75,5
2026-02-27T14:32:00.125Z,17348.50,17348.50,17348.75,3
2026-02-27T14:32:00.250Z,17348.50,17348.25,17348.50,6
2026-02-27T14:32:00.375Z,17348.50,17348.25,17348.50,6
2026-02-27T14:32:00.500Z,17348.25,17348.25,17348.50,3
2026-02-27T14:32:00.625Z,17348.50,17348.25,17348.50,5
2026-02-27T14:32:00.750Z,17348.50,17348.50,17348.75,1
2026-02-27T14:32:00.875Z,17348.50,17348.50,17348.75,2
2026-02-27T14:32:01.000Z,17349.00,17348.75,17349.00,2
2026-02-27T14:32:01.125Z,17349.25,17349.00,17349.25,2
2026-02-27T14:32:01.250Z,17349.25,17349.00,17349.25,4
2026-02-27T14:32:01.375Z,17349.00,17349.00,17349.25,5
2026-02-27T14:32:01.500Z,17349.00,17349.00,17349.25,4
2026-02-27T14:32:01.625Z,17349.25,17349.00,17349.25,2
2026-02-27T14:32:01.750Z,17349.00,17349.00,17349.25,3
2026-02-27T14:32:01.875Z,17349.25,17349.00,17349.25,4
2026-02-27T14:32:02.000Z,17349.00,17349.00,17349.25,5
2026-02-27T14:32:02.125Z,17349.25,17349.00,17349.25,6
2026-02-27T14:32:02.250Z,17349.00,17349.00,17349.25,4
2026-02-27T14:32:02.375Z,17349.25,17349.00,17349.25,1
2026-02-27T14:32:02.500Z,17349.00,17349.00,17349.25,2
2026-02-27T14:32:02.625Z,17349.25,17349.00,17349.25,3
2026-02-27T14:32:02.750Z,17349.25,17349.25,17349.50,3
2026-02-27T14:32:02.875Z,17349.50,17349.25,17349.50,1
2026-02-27T14:32:03.000Z,17349.25,17349.00,17349.25,2
2026-02-27T14:32:03.125Z,17349.00,17349.00,17349.25,6
2026-02-27T14:32:03.250Z,17349.50,17349.25,17349.50,6
2026-02-27T14:32:03.375Z,17349.50,17349.25,17349.50,6
2026-02-27T14:32:03.500Z,17349.50,17349.25,17349.50,6
2026-02-27T14:32:03.625Z,17349.00,17349.00,17349.25,5
2026-02-27T14:32:03.750Z,17349.00,17349.00,17349.25,4
2026-02-27T14:32:03.875Z,17349.00,17349.00,17349.25,1
2026-02-27T14:32:04.000Z,17349.00,17349.00,17349.25,5
2026-02-27T14:32:04.125Z,17349.00,17349.00,17349.25,4
2026-02-27T14:32:04.250Z,17349.25,17349.00,17349.25,2
2026-02-27T14:32:04.375Z,17349.25,17349.00,17349.25,4
2026-02-27T14:32:04.500Z,17349.00,17349.00,17349.25,5
2026-02-27T14:32:04.625Z,17349.25,17349.00,17349.25,4
2026-02-27T14:32:04.750Z,17349.25,17349.00,17349.25,4
2026-02-27T14:32:04.875Z,17349.25,17349.25,17349.50,1
2026-02-27T14:32:05.000Z,17349.25,17349.25,17349.50,6
2026-02-27T14:32:05.125Z,17349.25,17349.25,17349.50,4
2026-02-27T14:32:05.250Z,17349.50,17349.25,17349.50,6
2026-02-27T14:32:05.375Z,17349.25,17349.25,17349.50,1
2026-02-27T14:32:05.500Z,17349.50,17349.25,17349.50,4
2026-02-27T14:32:05.625Z,17349.50,17349.25,17349.50,5
2026-02-27T14:32:05.750Z,17349.00,17349.00,17349.25,5
2026-02-27T14:32:05.875Z,17348.75,17348.75,17349.00,2
2026-02-27T14:32:06.000Z,17348.75,17348.75,17349.00,2
2026-02-27T14:32:06.125Z,17348.75,17348.75,17349.00,2
2026-02-27T14:32:06.250Z,17348.75,17348.75,17349.00,5
2026-02-27T14:32:06.375Z,17348.75,17348.75,17349.00,5
2026-02-27T14:32:06.500Z,17348.75,17348.75,17349.00,5
2026-02-27T14:32:06.625Z,17349.25,17349.00,17349.25,5
2026-02-27T14:32:06.750Z,17349.00,17349.00,17349.25,3
2026-02-27T14:32:06.875Z,17349.25,17349.00,17349.25,2
2026-02-27T14:32:07.000Z,17349.00,17348.75,17349.00,1
2026-02-27T14:32:07.125Z,17348.75,17348.75,17349.00,3
2026-02-27T14:32:07.250Z,17349.00,17348.75,17349.00,6
2026-02-27T14:32:07.375Z,17348.75,17348.75,17349.00,5
2026-02-27T14:32:07.500Z,17348.75,17348.75,17349.00,5
2026-02-27T14:32:07.625Z,17348.75,17348.75,17349.00,2
2026-02-27T14:32:07.750Z,17348.75,17348.50,17348.75,1
2026-02-27T14:32:07.875Z,17348.75,17348.50,17348.75,4
2026-02-27T14:32:08.000Z,17348.75,17348.50,17348.75,6
2026-02-27T14:32:08.125Z,17348.25,17348.25,17348.50,6
2026-02-27T14:32:08.250Z,17348.50,17348.25,17348.50,2
2026-02-27T14:32:08.375Z,17348.25,17348.25,17348.50,5
2026-02-27T14:32:08.500Z,17348.25,17348.25,17348.50,3
2026-02-27T14:32:08.625Z,17348.25,17348.25,17348.50,2
2026-02-27T14:32:08.750Z,17348.50,17348.25,17348.50,1
2026-02-27T14:32:08.875Z,17348.25,17348.25,17348.50,2
2026-02-27T14:32:09.000Z,17348.50,17348.25,17348.50,1
2026-02-27T14:32:09.125Z,17348.50,17348.25,17348.50,1
2026-02-27T14:32:09.250Z,17348.25,17348.25,17348.50,3
2026-02-27T14:32:09.375Z,17348.50,17348.50,17348.75,5
2026-02-27T14:32:09.500Z,17348.50,17348.50,17348.75,1
2026-02-27T14:32:09.625Z,17348.50,17348.50,17348.75,1
2026-02-27T14:32:09.750Z,17348.75,17348.50,17348.75,6
2026-02-27T14:32:09.875Z,17348.75,17348.50,17348.75,5
2026-02-27T14:32:10.000Z,17348.50,17348.50,17348.75,5
2026-02-27T14:32:10.125Z,17348.50,17348.50,17348.75,1
2026-02-27T14:32:10.250Z,17348.75,17348.50,17348.75,6
2026-02-27T14:32:10.375Z,17348.50,17348.50,17348.75,2
2026-02-27T14:32:10.500Z,17348.50,17348.50,17348.75,1
2026-02-27T14:32:10.625Z,17348.75,17348.75,17349.00,3
2026-02-27T14:32:10.750Z,17348.75,17348.75,17349.00,6
2026-02-27T14:32:10.875Z,17349.00,17348.75,17349.00,3
2026-02-27T14:32:11.000Z,17349.00,17348.75,17349.00,2
2026-02-27T14:32:11.125Z,17349.00,17348.75,17349.00,5
2026-02-27T14:32:11.250Z,17349.00,17349.00,17349.25,2
2026-02-27T14:32:11.375Z,17349.00,17349.00,17349.25,4
2026-02-27T14:32:11.500Z,17348.75,17348.75,17349.00,3
2026-02-27T14:32:11.625Z,17348.75,17348.75,17349.00,6
2026-02-27T14:32:11.750Z,17349.00,17348.75,17349.00,6
2026-02-27T14:32:11.875Z,17349.00,17348.75,17349.00,4
2026-02-27T14:32:12.000Z,17348.75,17348.50,17348.75,4
2026-02-27T14:32:12.125Z,17348.75,17348.50,17348.75,5
2026-02-27T14:32:12.250Z,17348.75,17348.75,17349.00,1
2026-02-27T14:32:12.375Z,17349.00,17348.75,17349.00,5
2026-02-27T14:32:12.500Z,17349.00,17348.75,17349.00,2
2026-02-27T14:32:12.625Z,17348.75,17348.75,17349.00,5
2026-02-27T14:32:12.750Z,17348.50,17348.50,17348.75,2
2026-02-27T14:32:12.875Z,17348.50,17348.50,17348.75,3
2026-02-27T14:32:13.000Z,17348.50,17348.25,17348.50,3
2026-02-27T14:32:13.125Z,17348.25,17348.25,17348.50,5
2026-02-27T14:32:13.250Z,17348.50,17348.25,17348.50,1
2026-02-27T14:32:13.375Z,17348.25,17348.25,17348.50,3
2026-02-27T14:32:13.500Z,17348.50,17348.25,17348.50,6
2026-02-27T14:32:13.625Z,17348.50,17348.25,17348.50,6
2026-02-27T14:32:13.750Z,17348.25,17348.25,17348.50,5
2026-02-27T14:32:13.875Z,17348.25,17348.25,17348.50,5
2026-02-27T14:32:14.000Z,17348.25,17348.25,17348.50,3
2026-02-27T14:32:14.125Z,17348.50,17348.25,17348.50,2
2026-02-27T14:32:14.250Z,17348.25,17348.25,17348.50,4
2026-02-27T14:32:14.375Z,17348.25,17348.00,17348.25,1
2026-02-27T14:32:14.500Z,17348.25,17348.00,17348.25,4
2026-02-27T14:32:14.625Z,17348.00,17348.00,17348.25,4
2026-02-27T14:32:14.750Z,17348.00,17348.00,17348.25,3
2026-02-27T14:32:14.875Z,17348.00,17348.00,17348.25,2
2026-02-27T14:32:15.000Z,17348.00,17348.00,17348.25,3
2026-02-27T14:32:15.125Z,17348.00,17348.00,17348.25,3
2026-02-27T14:32:15.250Z,17348.00,17348.00,17348.25,6
2026-02-27T14:32:15.375Z,17348.25,17348.25,17348.50,5
2026-02-27T14:32:15.500Z,17348.25,17348.25,17348.50,1
2026-02-27T14:32:15.625Z,17348.50,17348.25,17348.50,3
2026-02-27T14:32:15.750Z,17348.25,17348.25,17348.50,2
2026-02-27T14:32:15.875Z,17348.25,17348.25,17348.50,2
2026-02-27T14:32:16.000Z,17348.50,17348.25,17348.50,5
2026-02-27T14:32:16.125Z,17348.25,17348.25,17348.50,2
2026-02-27T14:32:16.250Z,17349.25,17349.25,17349.50,6
2026-02-27T14:32:16.375Z,17349.50,17349.25,17349.50,2
2026-02-27T14:32:16.500Z,17349.25,17349.25,17349.50,4
2026-02-27T14:32:16.625Z,17349.25,17349.25,17349.50,6
2026-02-27T14:32:16.750Z,17349.50,17349.25,17349.50,4
2026-02-27T14:32:16.875Z,17349.75,17349.50,17349.75,2
2026-02-27T14:32:17.000Z,17349.50,17349.50,17349.75,4
2026-02-27T14:32:17.125Z,17349.75,17349.50,17349.75,1
2026-02-27T14:32:17.250Z,17349.75,17349.50,17349.75,2
2026-02-27T14:32:17.375Z,17349.75,17349.50,17349.75,3
2026-02-27T14:32:17.500Z,17349.75,17349.50,17349.75,1
2026-02-27T14:32:17.625Z,17349.75,17349.50,17349.75,1
2026-02-27T14:32:17.750Z,17349.75,17349.50,17349.75,4
2026-02-27T14:32:17.875Z,17349.50,17349.50,17349.75,2
2026-02-27T14:32:18.000Z,17349.50,17349.50,17349.75,3
2026-02-27T14:32:18.125Z,17349.75,17349.50,17349.75,2
2026-02-27T14:32:18.250Z,17349.75,17349.50,17349.75,2
2026-02-27T14:32:18.375Z,17349.75,17349.50,17349.75,3
2026-02-27T14:32:18.500Z,17349.75,17349.50,17349.75,5
2026-02-27T14:32:18.625Z,17349.50,17349.50,17349.75,2
2026-02-27T14:32:18.750Z,17349.50,17349.50,17349.75,4
2026-02-27T14:32:18.875Z,17349.75,17349.50,17349.75,5
2026-02-27T14:32:19.000Z,17349.75,17349.50,17349.75,5
2026-02-27T14:32:19.125Z,17349.75,17349.50,17349.75,6
2026-02-27T14:32:19.250Z,17349.50,17349.50,17349.75,3
2026-02-27T14:32:19.375Z,17349.75,17349.50,17349.75,5
2026-02-27T14:32:19.500Z,17349.50,17349.50,17349.75,4
2026-02-27T14:32:19.625Z,17349.75,17349.75,17350.00,5
2026-02-27T14:32:19.750Z,17350.00,17349.75,17350.00,6
2026-02-27T14:32:19.875Z,17349.75,17349.50,17349.75,2
2026-02-27T14:32:20.000Z,17349.50,17349.50,17349.75,5
2026-02-27T14:32:20.125Z,17349.50,17349.50,17349.75,6
2026-02-27T14:32:20.250Z,17349.75,17349.50,17349.75,3
2026-02-27T14:32:20.375Z,17349.50,17349.50,17349.75,2
2026-02-27T14:32:20.500Z,17349.25,17349.25,17349.50,4
2026-02-27T14:32:20.625Z,17349.50,17349.25,17349.50,3
2026-02-27T14:32:20.750Z,17349.50,17349.25,17349.50,1
2026-02-27T14:32:20.875Z,17349.50,17349.25,17349.50,3
2026-02-27T14:32:21.000Z,17349.25,17349.25,17349.50,1
2026-02-27T14:32:21.125Z,17349.00,17349.00,17349.25,1
2026-02-27T14:32:21.250Z,17349.00,17349.00,17349.25,3
2026-02-27T14:32:21.375Z,17349.50,17349.25,17349.50,2
2026-02-27T14:32:21.500Z,17349.50,17349.25,17349.50,4
2026-02-27T14:32:21.625Z,17349.75,17349.50,17349.75,6
2026-02-27T14:32:21.750Z,17349.50,17349.50,17349.75,2
2026-02-27T14:32:21.875Z,17349.75,17349.50,17349.75,5
2026-02-27T14:32:22.000Z,17350.00,17349.75,17350.00,3
2026-02-27T14:32:22.125Z,17350.75,17350.75,17351.00,4
2026-02-27T14:32:22.250Z,17351.00,17350.75,17351.00,6
2026-02-27T14:32:22.375Z,17351.00,17350.75,17351.00,4
2026-02-27T14:32:22.500Z,17350.75,17350.75,17351.00,5
2026-02-27T14:32:22.625Z,17350.75,17350.75,17351.00,1
2026-02-27T14:32:22.750Z,17350.75,17350.75,17351.00,6
2026-02-27T14:32:22.875Z,17351.00,17350.75,17351.00,5
2026-02-27T14:32:23.000Z,17350.75,17350.75,17351.00,6
2026-02-27T14:32:23.125Z,17351.00,17350.75,17351.00,3
2026-02-27T14:32:23.250Z,17351.00,17350.75,17351.00,1
2026-02-27T14:32:23.375Z,17351.00,17350.75,17351.00,1
2026-02-27T14:32:23.500Z,17351.00,17350.75,17351.00,6
2026-02-27T14:32:23.625Z,17351.00,17351.00,17351.25,6
2026-02-27T14:32:23.750Z,17351.25,17351.00,17351.25,2
2026-02-27T14:32:23.875Z,17351.25,17351.00,17351.25,4
2026-02-27T14:32:24.000Z,17351.00,17351.00,17351.25,2
2026-02-27T14:32:24.125Z,17351.25,17351.00,17351.25,6
2026-02-27T14:32:24.250Z,17351.00,17350.75,17351.00,4
2026-02-27T14:32:24.375Z,17351.00,17350.75,17351.00,5
2026-02-27T14:32:24.500Z,17351.00,17350.75,17351.00,2
2026-02-27T14:32:24.625Z,17350.75,17350.75,17351.00,1
2026-02-27T14:32:24.750Z,17351.00,17350.75,17351.00,6
2026-02-27T14:32:24.875Z,17351.00,17350.75,17351.00,2
2026-02-27T14:32:25.000Z,17350.75,17350.75,17351.00,4
2026-02-27T14:32:25.125Z,17351.00,17350.75,17351.00,6
2026-02-27T14:32:25.250Z,17350.75,17350.75,17351.00,3
2026-02-27T14:32:25.375Z,17351.00,17350.75,17351.00,5
2026-02-27T14:32:25.500Z,17350.75,17350.75,17351.00,5
2026-02-27T14:32:25.625Z,17351.00,17350.75,17351.00,3
2026-02-27T14:32:25.750Z,17351.00,17350.75,17351.00,3
2026-02-27T14:32:25.875Z,17350.75,17350.75,17351.00,2
2026-02-27T14:32:26.000Z,17351.00,17350.75,17351.00,1
2026-02-27T14:32:26.125Z,17351.00,17350.75,17351.00,6
2026-02-27T14:32:26.250Z,17350.75,17350.75,17351.00,4
2026-02-27T14:32:26.375Z,17350.75,17350.75,17351.00,2
2026-02-27T14:32:26.500Z,17350.75,17350.75,17351.00,6
2026-02-27T14:32:26.625Z,17351.25,17351.00,17351.25,4
2026-02-27T14:32:26.750Z,17351.00,17351.00,17351.25,1
2026-02-27T14:32:26.875Z,17351.00,17351.00,17351.25,6
2026-02-27T14:32:27.000Z,17351.00,17351.00,17351.25,5
2026-02-27T14:32:27.125Z,17351.50,17351.25,17351.50,3
2026-02-27T14:32:27.250Z,17351.50,17351.25,17351.50,5
2026-02-27T14:32:27.375Z,17351.25,17351.25,17351.50,1
2026-02-27T14:32:27.500Z,17351.50,17351.25,17351.50,6
2026-02-27T14:32:27.625Z,17351.25,17351.25,17351.50,5
2026-02-27T14:32:27.750Z,17351.50,17351.25,17351.50,1
2026-02-27T14:32:27.875Z,17351.25,17351.25,17351.50,6
2026-02-27T14:32:28.000Z,17351.25,17351.25,17351.50,6
2026-02-27T14:32:28.125Z,17351.50,17351.50,17351.75,6
2026-02-27T14:32:28.250Z,17351.75,17351.50,17351.75,3
2026-02-27T14:32:28.375Z,17351.75,17351.50,17351.75,4
2026-02-27T14:32:28.500Z,17351.50,17351.50,17351.75,6
2026-02-27T14:32:28.625Z,17351.50,17351.50,17351.75,5
2026-02-27T14:32:28.750Z,17351.50,17351.50,17351.75,2
2026-02-27T14:32:28.875Z,17351.50,17351.50,17351.75,2
2026-02-27T14:32:29.000Z,17352.00,17351.75,17352.00,4
2026-02-27T14:32:29.125Z,17352.00,17351.75,17352.00,6
2026-02-27T14:32:29.250Z,17351.75,17351.75,17352.00,5
2026-02-27T14:32:29.375Z,17352.00,17351.75,17352.00,1
2026-02-27T14:32:29.500Z,17351.75,17351.75,17352.00,1
2026-02-27T14:32:29.625Z,17351.75,17351.75,17352.00,6
2026-02-27T14:32:29.750Z,17351.75,17351.75,17352.00,4
2026-02-27T14:32:29.875Z,17352.00,17351.75,17352.00,4
2026-02-27T14:32:30.000Z,17351.75,17351.75,17352.00,2
2026-02-27T14:32:30.125Z,17352.00,17351.75,17352.00,6
2026-02-27T14:32:30.250Z,17351.75,17351.75,17352.00,3
2026-02-27T14:32:30.375Z,17352.00,17351.75,17352.00,6
2026-02-27T14:32:30.500Z,17351.50,17351.50,17351.75,6
2026-02-27T14:32:30.625Z,17351.50,17351.50,17351.75,1
2026-02-27T14:32:30.750Z,17351.50,17351.50,17351.75,6
2026-02-27T14:32:30.875Z,17351.50,17351.50,17351.75,4
2026-02-27T14:32:31.000Z,17351.50,17351.50,17351.75,1
2026-02-27T14:32:31.125Z,17351.25,17351.25,17351.50,2
2026-02-27T14:32:31.250Z,17351.25,17351.25,17351.50,5
2026-02-27T14:32:31.375Z,17351.25,17351.25,17351.50,3
2026-02-27T14:32:31.500Z,17351.50,17351.25,17351.50,4
2026-02-27T14:32:31.625Z,17351.50,17351.25,17351.50,1
2026-02-27T14:32:31.750Z,17351.50,17351.25,17351.50,3
2026-02-27T14:32:31.875Z,17351.50,17351.25,17351.50,6
2026-02-27T14:32:32.000Z,17351.25,17351.25,17351.50,5
2026-02-27T14:32:32.125Z,17351.50,17351.25,17351.50,2
2026-02-27T14:32:32.250Z,17351.50,17351.25,17351.50,6
2026-02-27T14:32:32.375Z,17351.25,17351.25,17351.50,6
2026-02-27T14:32:32.500Z,17351.25,17351.25,17351.50,3
2026-02-27T14:32:32.625Z,17351.50,17351.25,17351.50,6
2026-02-27T14:32:32.750Z,17351.50,17351.25,17351.50,1
2026-02-27T14:32:32.875Z,17351.50,17351.25,17351.50,4
2026-02-27T14:32:33.000Z,17351.25,17351.25,17351.50,3
2026-02-27T14:32:33.125Z,17351.50,17351.25,17351.50,2
2026-02-27T14:32:33.250Z,17351.50,17351.25,17351.50,3
2026-02-27T14:32:33.375Z,17351.25,17351.25,17351.50,3
2026-02-27T14:32:33.500Z,17351.50,17351.25,17351.50,5
2026-02-27T14:32:33.625Z,17351.25,17351.25,17351.50,6
2026-02-27T14:32:33.750Z,17351.25,17351.25,17351.50,3
2026-02-27T14:32:33.875Z,17351.25,17351.25,17351.50,5
2026-02-27T14:32:34.000Z,17351.50,17351.25,17351.50,4
2026-02-27T14:32:34.125Z,17351.25,17351.25,17351.50,3
2026-02-27T14:32:34.250Z,17351.50,17351.25,17351.50,2
2026-02-27T14:32:34.375Z,17351.25,17351.00,17351.25,4
2026-02-27T14:32:34.500Z,17351.00,17351.00,17351.25,1
2026-02-27T14:32:34.625Z,17351.25,17351.25,17351.50,6
2026-02-27T14:32:34.750Z,17351.50,17351.25,17351.50,2
2026-02-27T14:32:34.875Z,17351.25,17351.25,17351.50,6
2026-02-27T14:32:35.000Z,17351.75,17351.50,17351.75,2
2026-02-27T14:32:35.125Z,17351.50,17351.50,17351.75,2
2026-02-27T14:32:35.250Z,17351.75,17351.50,17351.75,1
2026-02-27T14:32:35.375Z,17351.75,17351.75,17352.00,5
2026-02-27T14:32:35.500Z,17351.75,17351.75,17352.00,1
2026-02-27T14:32:35.625Z,17351.75,17351.75,17352.00,5
2026-02-27T14:32:35.750Z,17351.75,17351.50,17351.75,2
2026-02-27T14:32:35.875Z,17351.50,17351.50,17351.75,1
2026-02-27T14:32:36.000Z,17351.75,17351.50,17351.75,5
2026-02-27T14:32:36.125Z,17351.75,17351.75,17352.00,4
2026-02-27T14:32:36.250Z,17351.75,17351.75,17352.00,4
2026-02-27T14:32:36.375Z,17352.00,17352.00,17352.25,5
2026-02-27T14:32:36.500Z,17352.00,17352.00,17352.25,2
2026-02-27T14:32:36.625Z,17352.25,17352.00,17352.25,5
2026-02-27T14:32:36.750Z,17352.50,17352.25,17352.50,6
2026-02-27T14:32:36.875Z,17352.50,17352.25,17352.50,5
2026-02-27T14:32:37.000Z,17352.25,17352.25,17352.50,3
2026-02-27T14:32:37.125Z,17352.25,17352.25,17352.50,3
2026-02-27T14:32:37.250Z,17352.25,17352.25,17352.50,3
2026-02-27T14:32:37.375Z,17352.50,17352.25,17352.50,5
2026-02-27T14:32:37.500Z,17352.25,17352.25,17352.50,6
2026-02-27T14:32:37.625Z,17352.50,17352.25,17352.50,5
2026-02-27T14:32:37.750Z,17352.25,17352.25,17352.50,2
2026-02-27T14:32:37.875Z,17352.50,17352.25,17352.50,1
2026-02-27T14:32:38.000Z,17352.50,17352.50,17352.75,4
2026-02-27T14:32:38.125Z,17352.75,17352.50,17352.75,3
2026-02-27T14:32:38.250Z,17352.50,17352.50,17352.75,5
2026-02-27T14:32:38.375Z,17352.50,17352.25,17352.50,4
2026-02-27T14:32:38.500Z,17352.50,17352.50,17352.75,3
2026-02-27T14:32:38.625Z,17353.00,17352.75,17353.00,3
2026-02-27T14:32:38.750Z,17353.00,17352.75,17353.00,6
2026-02-27T14:32:38.875Z,17352.50,17352.50,17352.75,5
2026-02-27T14:32:39.000Z,17352.50,17352.50,17352.75,1
2026-02-27T14:32:39.125Z,17353.00,17352.75,17353.00,4
2026-02-27T14:32:39.250Z,17353.00,17352.75,17353.00,6
2026-02-27T14:32:39.375Z,17352.75,17352.75,17353.00,4
2026-02-27T14:32:39.500Z,17353.00,17352.75,17353.00,4
2026-02-27T14:32:39.625Z,17352.75,17352.75,17353.00,4
2026-02-27T14:32:39.750Z,17352.75,17352.75,17353.00,5
2026-02-27T14:32:39.875Z,17353.00,17352.75,17353.00,3
2026-02-27T14:32:40.000Z,17352.75,17352.75,17353.00,5
2026-02-27T14:32:40.125Z,17353.00,17353.00,17353.25,1
2026-02-27T14:32:40.250Z,17353.00,17353.00,17353.25,5
2026-02-27T14:32:40.375Z,17352.75,17352.75,17353.00,3
2026-02-27T14:32:40.500Z,17353.00,17352.75,17353.00,2
2026-02-27T14:32:40.625Z,17353.00,17352.75,17353.00,1
2026-02-27T14:32:40.750Z,17352.50,17352.50,17352.75,4
2026-02-27T14:32:40.875Z,17352.50,17352.50,17352.75,1
2026-02-27T14:32:41.000Z,17352.50,17352.50,17352.75,3
2026-02-27T14:32:41.125Z,17352.50,17352.50,17352.75,5
2026-02-27T14:32:41.250Z,17352.75,17352.50,17352.75,5
2026-02-27T14:32:41.375Z,17352.50,17352.50,17352.75,5
2026-02-27T14:32:41.500Z,17352.75,17352.50,17352.75,3
2026-02-27T14:32:41.625Z,17352.50,17352.50,17352.75,2
2026-02-27T14:32:41.750Z,17352.75,17352.75,17353.00,6
2026-02-27T14:32:41.875Z,17353.00,17352.75,17353.00,1
2026-02-27T14:32:42.000Z,17353.00,17352.75,17353.00,1
2026-02-27T14:32:42.125Z,17353.00,17352.75,17353.00,6
2026-02-27T14:32:42.250Z,17352.50,17352.50,17352.75,2
2026-02-27T14:32:42.375Z,17352.75,17352.50,17352.75,3
2026-02-27T14:32:42.500Z,17352.50,17352.50,17352.75,3
2026-02-27T14:32:42.625Z,17352.75,17352.75,17353.00,1
2026-02-27T14:32:42.750Z,17353.00,17353.00,17353.25,3
2026-02-27T14:32:42.875Z,17353.25,17353.00,17353.25,4
2026-02-27T14:32:43.000Z,17353.00,17353.00,17353.25,1
2026-02-27T14:32:43.125Z,17353.25,17353.00,17353.25,3
2026-02-27T14:32:43.250Z,17353.25,17353.00,17353.25,4
2026-02-27T14:32:43.375Z,17353.00,17353.00,17353.25,4
2026-02-27T14:32:43.500Z,17352.75,17352.75,17353.00,1
2026-02-27T14:32:43.625Z,17352.75,17352.75,17353.00,4
2026-02-27T14:32:43.750Z,17353.00,17352.75,17353.00,2
2026-02-27T14:32:43.875Z,17352.75,17352.75,17353.00,4
2026-02-27T14:32:44.000Z,17352.75,17352.75,17353.00,1
2026-02-27T14:32:44.125Z,17353.00,17352.75,17353.00,3
2026-02-27T14:32:44.250Z,17352.75,17352.75,17353.00,4
2026-02-27T14:32:44.375Z,17353.00,17352.75,17353.00,1
2026-02-27T14:32:44.500Z,17352.75,17352.75,17353.00,3
2026-02-27T14:32:44.625Z,17353.00,17352.75,17353.00,2
2026-02-27T14:32:44.750Z,17353.00,17352.75,17353.00,6
2026-02-27T14:32:44.875Z,17352.75,17352.75,17353.00,4
2026-02-27T14:32:45.000Z,17352.75,17352.50,17352.75,4
2026-02-27T14:32:45.125Z,17352.75,17352.75,17353.00,2
2026-02-27T14:32:45.250Z,17353.00,17352.75,17353.00,2
2026-02-27T14:32:45.375Z,17352.75,17352.75,17353.00,2
2026-02-27T14:32:45.500Z,17353.00,17353.00,17353.25,1
2026-02-27T14:32:45.625Z,17352.75,17352.75,17353.00,1
2026-02-27T14:32:45.750Z,17353.25,17353.00,17353.25,3
2026-02-27T14:32:45.875Z,17353.00,17353.00,17353.25,4
2026-02-27T14:32:46.000Z,17353.25,17353.00,17353.25,3
2026-02-27T14:32:46.125Z,17353.00,17353.00,17353.25,1
2026-02-27T14:32:46.250Z,17353.25,17353.00,17353.25,2
2026-02-27T14:32:46.375Z,17353.50,17353.25,17353.50,3
2026-02-27T14:32:46.500Z,17353.50,17353.25,17353.50,5
2026-02-27T14:32:46.625Z,17353.25,17353.25,17353.50,5
2026-02-27T14:32:46.750Z,17353.25,17353.25,17353.50,2
2026-02-27T14:32:46.875Z,17353.25,17353.25,17353.50,5
2026-02-27T14:32:47.000Z,17353.25,17353.25,17353.50,5
2026-02-27T14:32:47.125Z,17353.50,17353.25,17353.50,2
2026-02-27T14:32:47.250Z,17353.50,17353.25,17353.50,4
2026-02-27T14:32:47.375Z,17353.25,17353.25,17353.50,2
2026-02-27T14:32:47.500Z,17353.50,17353.25,17353.50,4
2026-02-27T14:32:47.625Z,17353.50,17353.25,17353.50,1
2026-02-27T14:32:47.750Z,17353.50,17353.50,17353.75,4
2026-02-27T14:32:47.875Z,17353.75,17353.50,17353.75,2
2026-02-27T14:32:48.000Z,17353.50,17353.50,17353.75,2
2026-02-27T14:32:48.125Z,17353.50,17353.50,17353.75,4
2026-02-27T14:32:48.250Z,17353.75,17353.50,17353.75,5
2026-02-27T14:32:48.375Z,17353.50,17353.50,17353.75,1
2026-02-27T14:32:48.500Z,17353.50,17353.50,17353.75,5
2026-02-27T14:32:48.625Z,17354.00,17353.75,17354.00,2
2026-02-27T14:32:48.750Z,17354.00,17353.75,17354.00,1
2026-02-27T14:32:48.875Z,17354.00,17353.75,17354.00,1
2026-02-27T14:32:49.000Z,17353.75,17353.50,17353.75,4
2026-02-27T14:32:49.125Z,17353.25,17353.25,17353.50,6
2026-02-27T14:32:49.250Z,17353.25,17353.25,17353.50,5
2026-02-27T14:32:49.375Z,17353.50,17353.25,17353.50,6
2026-02-27T14:32:49.500Z,17353.25,17353.25,17353.50,6
2026-02-27T14:32:49.625Z,17353.50,17353.25,17353.50,3
2026-02-27T14:32:49.750Z,17353.50,17353.25,17353.50,1
2026-02-27T14:32:49.875Z,17353.25,17353.25,17353.50,2
2026-02-27T14:32:50.000Z,17353.25,17353.25,17353.50,6
2026-02-27T14:32:50.125Z,17353.50,17353.25,17353.50,1
2026-02-27T14:32:50.250Z,17353.25,17353.25,17353.50,6
2026-02-27T14:32:50.375Z,17353.25,17353.25,17353.50,1
2026-02-27T14:32:50.500Z,17353.50,17353.25,17353.50,5
2026-02-27T14:32:50.625Z,17353.25,17353.25,17353.50,1
2026-02-27T14:32:50.750Z,17353.50,17353.25,17353.50,6
2026-02-27T14:32:50.875Z,17353.25,17353.25,17353.50,5
2026-02-27T14:32:51.000Z,17353.75,17353.50,17353.75,3
2026-02-27T14:32:51.125Z,17353.75,17353.50,17353.75,5
2026-02-27T14:32:51.250Z,17353.75,17353.50,17353.75,2
2026-02-27T14:32:51.375Z,17353.50,17353.50,17353.75,4
2026-02-27T14:32:51.500Z,17353.75,17353.50,17353.75,3
2026-02-27T14:32:51.625Z,17353.50,17353.50,17353.75,3
2026-02-27T14:32:51.750Z,17353.50,17353.50,17353.75,2
2026-02-27T14:32:51.875Z,17353.50,17353.50,17353.75,2
2026-02-27T14:32:52.000Z,17353.50,17353.50,17353.75,1
2026-02-27T14:32:52.125Z,17353.75,17353.75,17354.00,6
2026-02-27T14:32:52.250Z,17353.75,17353.75,17354.00,1
2026-02-27T14:32:52.375Z,17354.00,17353.75,17354.00,1
2026-02-27T14:32:52.500Z,17354.00,17353.75,17354.00,3
2026-02-27T14:32:52.625Z,17354.00,17354.00,17354.25,6
2026-02-27T14:32:52.750Z,17354.25,17354.00,17354.25,6
2026-02-27T14:32:52.875Z,17354.00,17354.00,17354.25,5
2026-02-27T14:32:53.000Z,17354.25,17354.00,17354.25,6
2026-02-27T14:32:53.125Z,17354.00,17353.75,17354.00,3
2026-02-27T14:32:53.250Z,17353.75,17353.75,17354.00,6
2026-02-27T14:32:53.375Z,17353.75,17353.75,17354.00,2
2026-02-27T14:32:53.500Z,17354.00,17353.75,17354.00,4
2026-02-27T14:32:53.625Z,17353.75,17353.75,17354.00,6
2026-02-27T14:32:53.750Z,17354.00,17353.75,17354.00,5
2026-02-27T14:32:53.875Z,17353.75,17353.75,17354.00,2
2026-02-27T14:32:54.000Z,17353.75,17353.75,17354.00,5
2026-02-27T14:32:54.125Z,17353.75,17353.75,17354.00,2
2026-02-27T14:32:54.250Z,17353.75,17353.50,17353.75,5
2026-02-27T14:32:54.375Z,17353.50,17353.50,17353.75,2
2026-02-27T14:32:54.500Z,17353.50,17353.50,17353.75,6
2026-02-27T14:32:54.625Z,17353.50,17353.25,17353.50,6
2026-02-27T14:32:54.750Z,17353.25,17353.25,17353.50,5
2026-02-27T14:32:54.875Z,17353.50,17353.25,17353.50,3
2026-02-27T14:32:55.000Z,17353.25,17353.25,17353.50,5
2026-02-27T14:32:55.125Z,17353.50,17353.25,17353.50,4
2026-02-27T14:32:55.250Z,17353.25,17353.25,17353.50,1
2026-02-27T14:32:55.375Z,17353.25,17353.25,17353.50,2
2026-02-27T14:32:55.500Z,17353.50,17353.25,17353.50,4
2026-02-27T14:32:55.625Z,17353.50,17353.25,17353.50,3
2026-02-27T14:32:55.750Z,17353.25,17353.25,17353.50,1
2026-02-27T14:32:55.875Z,17353.50,17353.25,17353.50,4
2026-02-27T14:32:56.000Z,17353.50,17353.25,17353.50,5
2026-02-27T14:32:56.125Z,17353.50,17353.25,17353.50,1
2026-02-27T14:32:56.250Z,17353.50,17353.25,17353.50,4
2026-02-27T14:32:56.375Z,17353.50,17353.25,17353.50,4
2026-02-27T14:32:56.500Z,17353.50,17353.25,17353.50,5
2026-02-27T14:32:56.625Z,17353.25,17353.25,17353.50,5
2026-02-27T14:32:56.750Z,17353.25,17353.25,17353.50,6
2026-02-27T14:32:56.875Z,17353.25,17353.25,17353.50,4
2026-02-27T14:32:57.000Z,17353.25,17353.25,17353.50,5
2026-02-27T14:32:57.125Z,17353.75,17353.50,17353.75,4
2026-02-27T14:32:57.250Z,17353.75,17353.50,17353.75,3
2026-02-27T14:32:57.375Z,17353.50,17353.50,17353.75,2
2026-02-27T14:32:57.500Z,17353.75,17353.50,17353.75,3
2026-02-27T14:32:57.625Z,17353.50,17353.50,17353.75,2
2026-02-27T14:32:57.750Z,17353.75,17353.50,17353.75,2
2026-02-27T14:32:57.875Z,17354.00,17353.75,17354.00,2
2026-02-27T14:32:58.000Z,17353.75,17353.75,17354.00,4
2026-02-27T14:32:58.125Z,17353.75,17353.75,17354.00,6
2026-02-27T14:32:58.250Z,17353.75,17353.75,17354.00,1
2026-02-27T14:32:58.375Z,17353.75,17353.75,17354.00,5
2026-02-27T14:32:58.500Z,17353.75,17353.50,17353.75,1
2026-02-27T14:32:58.625Z,17353.50,17353.50,17353.75,4
2026-02-27T14:32:58.750Z,17353.50,17353.25,17353.50,3
2026-02-27T14:32:58.875Z,17353.50,17353.25,17353.50,3
2026-02-27T14:32:59.000Z,17353.25,17353.00,17353.25,1
2026-02-27T14:32:59.125Z,17353.25,17353.00,17353.25,2
2026-02-27T14:32:59.250Z,17353.00,17353.00,17353.25,3
2026-02-27T14:32:59.375Z,17353.00,17353.00,17353.25,5
2026-02-27T14:32:59.500Z,17353.00,17353.00,17353.25,6
2026-02-27T14:32:59.625Z,17353.00,17353.00,17353.25,3
2026-02-27T14:32:59.750Z,17353.25,17353.00,17353.25,4
2026-02-27T14:32:59.875Z,17353.00,17353.00,17353.25,3
2026-02-27T14:33:00.000Z,17353.00,17352.75,17353.00,6
2026-02-27T14:33:00.125Z,17352.75,17352.75,17353.00,5
2026-02-27T14:33:00.250Z,17352.75,17352.75,17353.00,2
2026-02-27T14:33:00.375Z,17352.75,17352.75,17353.00,1
2026-02-27T14:33:00.500Z,17353.00,17352.75,17353.00,5
2026-02-27T14:33:00.625Z,17352.75,17352.75,17353.00,6
2026-02-27T14:33:00.750Z,17353.00,17352.75,17353.00,4
2026-02-27T14:33:00.875Z,17353.00,17352.75,17353.00,5
2026-02-27T14:33:01.000Z,17352.75,17352.75,17353.00,2
2026-02-27T14:33:01.125Z,17352.75,17352.75,17353.00,6
2026-02-27T14:33:01.250Z,17352.75,17352.75,17353.00,4
2026-02-27T14:33:01.375Z,17352.75,17352.75,17353.00,1
2026-02-27T14:33:01.500Z,17353.00,17353.00,17353.25,6
2026-02-27T14:33:01.625Z,17353.25,17353.00,17353.25,5
2026-02-27T14:33:01.750Z,17353.00,17353.00,17353.25,2
2026-02-27T14:33:01.875Z,17353.25,17353.00,17353.25,1
2026-02-27T14:33:02.000Z,17353.25,17353.00,17353.25,2
2026-02-27T14:33:02.125Z,17353.25,17353.00,17353.25,4
2026-02-27T14:33:02.250Z,17353.25,17353.00,17353.25,1
2026-02-27T14:33:02.375Z,17353.25,17353.00,17353.25,1
2026-02-27T14:33:02.500Z,17353.00,17353.00,17353.25,1
2026-02-27T14:33:02.625Z,17353.25,17353.00,17353.25,5
2026-02-27T14:33:02.750Z,17353.00,17352.75,17353.00,5
2026-02-27T14:33:02.875Z,17352.75,17352.75,17353.00,4
2026-02-27T14:33:03.000Z,17352.75,17352.75,17353.00,3
2026-02-27T14:33:03.125Z,17352.75,17352.75,17353.00,5
2026-02-27T14:33:03.250Z,17353.00,17352.75,17353.00,6
2026-02-27T14:33:03.375Z,17353.00,17352.75,17353.00,3
2026-02-27T14:33:03.500Z,17352.75,17352.75,17353.00,5
2026-02-27T14:33:03.625Z,17353.00,17352.75,17353.00,3
2026-02-27T14:33:03.750Z,17352.75,17352.75,17353.00,5
2026-02-27T14:33:03.875Z,17353.00,17352.75,17353.00,5
2026-02-27T14:33:04.000Z,17353.00,17352.75,17353.00,1
2026-02-27T14:33:04.125Z,17352.75,17352.75,17353.00,5
2026-02-27T14:33:04.250Z,17352.75,17352.75,17353.00,2
2026-02-27T14:33:04.375Z,17352.75,17352.75,17353.00,5
2026-02-27T14:33:04.500Z,17353.00,17353.00,17353.25,4
2026-02-27T14:33:04.625Z,17353.00,17353.00,17353.25,2
2026-02-27T14:33:04.750Z,17353.25,17353.00,17353.25,5
2026-02-27T14:33:04.875Z,17353.00,17353.00,17353.25,3
2026-02-27T14:33:05.000Z,17353.25,17353.00,17353.25,3
2026-02-27T14:33:05.125Z,17353.25,17353.00,17353.25,5
2026-02-27T14:33:05.250Z,17353.25,17353.25,17353.50,1
2026-02-27T14:33:05.375Z,17353.50,17353.25,17353.50,3
2026-02-27T14:33:05.500Z,17353.50,17353.25,17353.50,4
2026-02-27T14:33:05.625Z,17353.25,17353.25,17353.50,6
2026-02-27T14:33:05.750Z,17353.50,17353.25,17353.50,6
2026-02-27T14:33:05.875Z,17353.25,17353.25,17353.50,3
2026-02-27T14:33:06.000Z,17353.25,17353.25,17353.50,4
2026-02-27T14:33:06.125Z,17353.25,17353.25,17353.50,1
2026-02-27T14:33:06.250Z,17353.25,17353.25,17353.50,6
2026-02-27T14:33:06.375Z,17353.25,17353.25,17353.50,5
2026-02-27T14:33:06.500Z,17353.25,17353.25,17353.50,2
2026-02-27T14:33:06.625Z,17353.25,17353.25,17353.50,4
2026-02-27T14:33:06.750Z,17353.25,17353.25,17353.50,2
2026-02-27T14:33:06.875Z,17353.50,17353.25,17353.50,3
2026-02-27T14:33:07.000Z,17353.25,17353.25,17353.50,2
2026-02-27T14:33:07.125Z,17353.25,17353.25,17353.50,6
2026-02-27T14:33:07.250Z,17353.50,17353.25,17353.50,5
2026-02-27T14:33:07.375Z,17353.25,17353.25,17353.50,2
2026-02-27T14:33:07.500Z,17353.50,17353.25,17353.50,1
2026-02-27T14:33:07.625Z,17353.50,17353.25,17353.50,6
2026-02-27T14:33:07.750Z,17353.50,17353.25,17353.50,6
2026-02-27T14:33:07.875Z,17353.25,17353.25,17353.50,1
2026-02-27T14:33:08.000Z,17353.50,17353.25,17353.50,6
2026-02-27T14:33:08.125Z,17353.50,17353.25,17353.50,5
2026-02-27T14:33:08.250Z,17353.25,17353.25,17353.50,2
2026-02-27T14:33:08.375Z,17353.25,17353.25,17353.50,6
2026-02-27T14:33:08.500Z,17353.75,17353.50,17353.75,5
2026-02-27T14:33:08.625Z,17353.75,17353.50,17353.75,1
2026-02-27T14:33:08.750Z,17353.75,17353.75,17354.00,1
2026-02-27T14:33:08.875Z,17354.00,17353.75,17354.00,6
2026-02-27T14:33:09.000Z,17354.00,17353.75,17354.00,2
2026-02-27T14:33:09.125Z,17353.50,17353.50,17353.75,2
2026-02-27T14:33:09.250Z,17354.00,17353.75,17354.00,2
2026-02-27T14:33:09.375Z,17354.00,17353.75,17354.00,6
2026-02-27T14:33:09.500Z,17354.00,17353.75,17354.00,1
2026-02-27T14:33:09.625Z,17353.75,17353.75,17354.00,2
2026-02-27T14:33:09.750Z,17354.00,17353.75,17354.00,1
2026-02-27T14:33:09.875Z,17354.00,17353.75,17354.00,2
2026-02-27T14:33:10.000Z,17354.00,17353.75,17354.00,1
2026-02-27T14:33:10.125Z,17353.75,17353.75,17354.00,1
2026-02-27T14:33:10.250Z,17353.75,17353.75,17354.00,6
2026-02-27T14:33:10.375Z,17353.50,17353.50,17353.75,5
2026-02-27T14:33:10.500Z,17353.50,17353.50,17353.75,5
2026-02-27T14:33:10.625Z,17353.75,17353.50,17353.75,1
2026-02-27T14:33:10.750Z,17353.75,17353.50,17353.75,5
2026-02-27T14:33:10.875Z,17353.75,17353.50,17353.75,6
2026-02-27T14:33:11.000Z,17353.75,17353.50,17353.75,2
2026-02-27T14:33:11.125Z,17353.50,17353.50,17353.75,3
2026-02-27T14:33:11.250Z,17353.75,17353.50,17353.75,1
2026-02-27T14:33:11.375Z,17353.75,17353.50,17353.75,4
2026-02-27T14:33:11.500Z,17353.50,17353.50,17353.75,5
2026-02-27T14:33:11.625Z,17353.75,17353.75,17354.00,6
2026-02-27T14:33:11.750Z,17353.75,17353.75,17354.00,2
2026-02-27T14:33:11.875Z,17353.75,17353.75,17354.00,4
2026-02-27T14:33:12.000Z,17353.75,17353.50,17353.75,5
2026-02-27T14:33:12.125Z,17353.50,17353.50,17353.75,4
2026-02-27T14:33:12.250Z,17353.50,17353.25,17353.50,1
2026-02-27T14:33:12.375Z,17353.25,17353.25,17353.50,1
2026-02-27T14:33:12.500Z,17353.50,17353.25,17353.50,6
2026-02-27T14:33:12.625Z,17353.50,17353.25,17353.50,6
2026-02-27T14:33:12.750Z,17353.50,17353.25,17353.50,6
2026-02-27T14:33:12.875Z,17353.25,17353.25,17353.50,4
2026-02-27T14:33:13.000Z,17353.50,17353.25,17353.50,1
2026-02-27T14:33:13.125Z,17353.50,17353.25,17353.50,4
2026-02-27T14:33:13.250Z,17353.25,17353.25,17353.50,1
2026-02-27T14:33:13.375Z,17353.25,17353.25,17353.50,5
2026-02-27T14:33:13.500Z,17353.25,17353.25,17353.50,4
2026-02-27T14:33:13.625Z,17353.25,17353.25,17353.50,3
2026-02-27T14:33:13.750Z,17353.25,17353.25,17353.50,4
2026-02-27T14:33:13.875Z,17353.50,17353.50,17353.75,5
2026-02-27T14:33:14.000Z,17353.50,17353.50,17353.75,1
2026-02-27T14:33:14.125Z,17353.50,17353.50,17353.75,5
2026-02-27T14:33:14.250Z,17353.50,17353.25,17353.50,1
2026-02-27T14:33:14.375Z,17353.25,17353.25,17353.50,2
2026-02-27T14:33:14.500Z,17354.00,17353.75,17354.00,2
2026-02-27T14:33:14.625Z,17354.00,17353.75,17354.00,5
2026-02-27T14:33:14.750Z,17354.00,17353.75,17354.00,1
2026-02-27T14:33:14.875Z,17353.75,17353.75,17354.00,4
2026-02-27T14:33:15.000Z,17353.75,17353.75,17354.00,6
2026-02-27T14:33:15.125Z,17353.75,17353.75,17354.00,5
2026-02-27T14:33:15.250Z,17353.75,17353.75,17354.00,4
2026-02-27T14:33:15.375Z,17354.00,17353.75,17354.00,1
2026-02-27T14:33:15.500Z,17354.00,17353.75,17354.00,3
2026-02-27T14:33:15.625Z,17353.75,17353.75,17354.00,1
2026-02-27T14:33:15.750Z,17353.75,17353.50,17353.75,6
2026-02-27T14:33:15.875Z,17354.00,17353.75,17354.00,2
2026-02-27T14:33:16.000Z,17354.25,17354.00,17354.25,3
2026-02-27T14:33:16.125Z,17354.25,17354.00,17354.25,6
2026-02-27T14:33:16.250Z,17354.25,17354.00,17354.25,2
2026-02-27T14:33:16.375Z,17354.00,17354.00,17354.25,4
2026-02-27T14:33:16.500Z,17354.25,17354.00,17354.25,6
2026-02-27T14:33:16.625Z,17354.25,17354.00,17354.25,6
2026-02-27T14:33:16.750Z,17354.00,17354.00,17354.25,5
2026-02-27T14:33:16.875Z,17354.25,17354.00,17354.25,1
2026-02-27T14:33:17.000Z,17354.25,17354.00,17354.25,5
2026-02-27T14:33:17.125Z,17354.25,17354.00,17354.25,6
2026-02-27T14:33:17.250Z,17354.00,17354.00,17354.25,1
2026-02-27T14:33:17.375Z,17353.75,17353.75,17354.00,6
2026-02-27T14:33:17.500Z,17354.00,17353.75,17354.00,2
2026-02-27T14:33:17.625Z,17354.00,17353.75,17354.00,6
2026-02-27T14:33:17.750Z,17353.75,17353.75,17354.00,4
2026-02-27T14:33:17.875Z,17353.50,17353.50,17353.75,5
2026-02-27T14:33:18.000Z,17353.50,17353.50,17353.75,2
2026-02-27T14:33:18.125Z,17353.50,17353.50,17353.75,4
2026-02-27T14:33:18.250Z,17353.75,17353.50,17353.75,5
2026-02-27T14:33:18.375Z,17353.50,17353.50,17353.75,3
2026-02-27T14:33:18.500Z,17353.50,17353.50,17353.75,4
2026-02-27T14:33:18.625Z,17353.25,17353.25,17353.50,1
2026-02-27T14:33:18.750Z,17353.50,17353.25,17353.50,5
2026-02-27T14:33:18.875Z,17353.50,17353.25,17353.50,5
2026-02-27T14:33:19.000Z,17353.25,17353.25,17353.50,4
2026-02-27T14:33:19.125Z,17353.25,17353.00,17353.25,2
2026-02-27T14:33:19.250Z,17353.00,17353.00,17353.25,3
2026-02-27T14:33:19.375Z,17353.00,17353.00,17353.25,4
2026-02-27T14:33:19.500Z,17353.25,17353.00,17353.25,3
2026-02-27T14:33:19.625Z,17353.00,17353.00,17353.25,6
2026-02-27T14:33:19.750Z,17353.00,17353.00,17353.25,3
2026-02-27T14:33:19.875Z,17353.00,17353.00,17353.25,5
2026-02-27T14:33:20.000Z,17353.25,17353.00,17353.25,6
2026-02-27T14:33:20.125Z,17353.25,17353.00,17353.25,1
2026-02-27T14:33:20.250Z,17353.00,17352.75,17353.00,1
2026-02-27T14:33:20.375Z,17353.00,17352.75,17353.00,4
2026-02-27T14:33:20.500Z,17352.75,17352.75,17353.00,4
2026-02-27T14:33:20.625Z,17352.50,17352.50,17352.75,5
2026-02-27T14:33:20.750Z,17352.75,17352.75,17353.00,2
2026-02-27T14:33:20.875Z,17352.75,17352.75,17353.00,1
2026-02-27T14:33:21.000Z,17353.00,17352.75,17353.00,3
2026-02-27T14:33:21.125Z,17352.75,17352.75,17353.00,4
2026-02-27T14:33:21.250Z,17352.75,17352.75,17353.00,2
2026-02-27T14:33:21.375Z,17352.75,17352.75,17353.00,1
2026-02-27T14:33:21.500Z,17352.75,17352.75,17353.00,3
2026-02-27T14:33:21.625Z,17353.00,17352.75,17353.00,6
2026-02-27T14:33:21.750Z,17352.75,17352.50,17352.75,6
2026-02-27T14:33:21.875Z,17352.75,17352.50,17352.75,4
2026-02-27T14:33:22.000Z,17352.75,17352.50,17352.75,6
2026-02-27T14:33:22.125Z,17352.75,17352.50,17352.75,3
2026-02-27T14:33:22.250Z,17352.75,17352.50,17352.75,6
2026-02-27T14:33:22.375Z,17352.75,17352.50,17352.75,5
2026-02-27T14:33:22.500Z,17352.50,17352.50,17352.75,2
2026-02-27T14:33:22.625Z,17352.75,17352.50,17352.75,6
2026-02-27T14:33:22.750Z,17352.75,17352.50,17352.75,4
2026-02-27T14:33:22.875Z,17352.50,17352.50,17352.75,2
2026-02-27T14:33:23.000Z,17352.50,17352.50,17352.75,2
2026-02-27T14:33:23.125Z,17352.75,17352.50,17352.75,3
2026-02-27T14:33:23.250Z,17352.50,17352.50,17352.75,3
2026-02-27T14:33:23.375Z,17352.75,17352.50,17352.75,5
2026-02-27T14:33:23.500Z,17352.75,17352.50,17352.75,6
2026-02-27T14:33:23.625Z,17352.75,17352.50,17352.75,4
2026-02-27T14:33:23.750Z,17352.75,17352.50,17352.75,4
2026-02-27T14:33:23.875Z,17352.75,17352.75,17353.00,1
2026-02-27T14:33:24.000Z,17352.50,17352.50,17352.75,3
2026-02-27T14:33:24.125Z,17352.75,17352.75,17353.00,3
2026-02-27T14:33:24.250Z,17353.00,17352.75,17353.00,2
2026-02-27T14:33:24.375Z,17352.75,17352.75,17353.00,3
2026-02-27T14:33:24.500Z,17353.00,17352.75,17353.00,2
2026-02-27T14:33:24.625Z,17353.00,17352.75,17353.00,6
2026-02-27T14:33:24.750Z,17352.75,17352.75,17353.00,1
2026-02-27T14:33:24.875Z,17352.75,17352.75,17353.00,5
2026-02-27T14:33:25.000Z,17353.00,17353.00,17353.25,3
2026-02-27T14:33:25.125Z,17353.00,17353.00,17353.25,2
2026-02-27T14:33:25.250Z,17353.25,17353.00,17353.25,1
2026-02-27T14:33:25.375Z,17353.25,17353.00,17353.25,2
2026-02-27T14:33:25.500Z,17353.00,17353.00,17353.25,1
2026-02-27T14:33:25.625Z,17353.25,17353.00,17353.25,4
2026-02-27T14:33:25.750Z,17353.00,17353.00,17353.25,5
2026-02-27T14:33:25.875Z,17352.75,17352.75,17353.00,6
2026-02-27T14:33:26.000Z,17352.75,17352.75,17353.00,5
2026-02-27T14:33:26.125Z,17352.75,17352.75,17353.00,4
2026-02-27T14:33:26.250Z,17353.00,17352.75,17353.00,6
2026-02-27T14:33:26.375Z,17353.00,17352.75,17353.00,5
2026-02-27T14:33:26.500Z,17352.75,17352.75,17353.00,6
2026-02-27T14:33:26.625Z,17353.25,17353.00,17353.25,4
2026-02-27T14:33:26.750Z,17353.25,17353.00,17353.25,2
2026-02-27T14:33:26.875Z,17353.00,17353.00,17353.25,4
2026-02-27T14:33:27.000Z,17353.25,17353.00,17353.25,4
2026-02-27T14:33:27.125Z,17353.00,17353.00,17353.25,5
2026-02-27T14:33:27.250Z,17353.00,17353.00,17353.25,6
2026-02-27T14:33:27.375Z,17352.75,17352.75,17353.00,6
2026-02-27T14:33:27.500Z,17353.00,17353.00,17353.25,4
2026-02-27T14:33:27.625Z,17353.25,17353.00,17353.25,2
2026-02-27T14:33:27.750Z,17353.25,17353.00,17353.25,1
2026-02-27T14:33:27.875Z,17353.00,17353.00,17353.25,2
2026-02-27T14:33:28.000Z,17353.00,17353.00,17353.25,1
2026-02-27T14:33:28.125Z,17353.00,17353.00,17353.25,3
2026-02-27T14:33:28.250Z,17353.00,17353.00,17353.25,4
2026-02-27T14:33:28.375Z,17353.25,17353.00,17353.25,6
2026-02-27T14:33:28.500Z,17353.25,17353.00,17353.25,1
2026-02-27T14:33:28.625Z,17353.00,17353.00,17353.25,2
2026-02-27T14:33:28.750Z,17353.00,17353.00,17353.25,1
2026-02-27T14:33:28.875Z,17352.75,17352.75,17353.00,3
2026-02-27T14:33:29.000Z,17353.00,17352.75,17353.00,5
2026-02-27T14:33:29.125Z,17352.75,17352.75,17353.00,4
2026-02-27T14:33:29.250Z,17353.25,17353.00,17353.25,4
2026-02-27T14:33:29.375Z,17353.00,17353.00,17353.25,4
2026-02-27T14:33:29.500Z,17353.00,17353.00,17353.25,6
2026-02-27T14:33:29.625Z,17353.25,17353.00,17353.25,1
2026-02-27T14:33:29.750Z,17352.75,17352.75,17353.00,4
2026-02-27T14:33:29.875Z,17352.75,17352.75,17353.00,1
2026-02-27T14:33:30.000Z,17352.75,17352.75,17353.00,6
2026-02-27T14:33:30.125Z,17353.00,17352.75,17353.00,2
2026-02-27T14:33:30.250Z,17352.75,17352.75,17353.00,1
2026-02-27T14:33:30.375Z,17353.25,17353.00,17353.25,2
2026-02-27T14:33:30.500Z,17353.00,17353.00,17353.25,2
2026-02-27T14:33:30.625Z,17353.25,17353.00,17353.25,3
2026-02-27T14:33:30.750Z,17352.75,17352.75,17353.00,1
2026-02-27T14:33:30.875Z,17353.00,17352.75,17353.00,6
2026-02-27T14:33:31.000Z,17353.00,17353.00,17353.25,4
2026-02-27T14:33:31.125Z,17353.25,17353.00,17353.25,2
2026-02-27T14:33:31.250Z,17353.00,17353.00,17353.25,1
2026-02-27T14:33:31.375Z,17353.50,17353.25,17353.50,5
2026-02-27T14:33:31.500Z,17353.50,17353.50,17353.75,3
2026-02-27T14:33:31.625Z,17353.50,17353.50,17353.75,3
2026-02-27T14:33:31.750Z,17353.75,17353.50,17353.75,1
2026-02-27T14:33:31.875Z,17354.00,17353.75,17354.00,2
2026-02-27T14:33:32.000Z,17353.75,17353.75,17354.00,4
2026-02-27T14:33:32.125Z,17353.50,17353.50,17353.75,4
2026-02-27T14:33:32.250Z,17353.50,17353.50,17353.75,5
2026-02-27T14:33:32.375Z,17353.75,17353.50,17353.75,4
2026-02-27T14:33:32.500Z,17353.50,17353.50,17353.75,1
2026-02-27T14:33:32.625Z,17353.50,17353.50,17353.75,1
2026-02-27T14:33:32.750Z,17353.75,17353.50,17353.75,2
2026-02-27T14:33:32.875Z,17353.75,17353.50,17353.75,5
2026-02-27T14:33:33.000Z,17353.75,17353.50,17353.75,4
2026-02-27T14:33:33.125Z,17353.50,17353.25,17353.50,2
2026-02-27T14:33:33.250Z,17353.25,17353.25,17353.50,6
2026-02-27T14:33:33.375Z,17353.50,17353.25,17353.50,5
2026-02-27T14:33:33.500Z,17353.50,17353.25,17353.50,1
2026-02-27T14:33:33.625Z,17353.50,17353.25,17353.50,5
2026-02-27T14:33:33.750Z,17353.50,17353.25,17353.50,1
2026-02-27T14:33:33.875Z,17353.50,17353.25,17353.50,4
2026-02-27T14:33:34.000Z,17353.25,17353.25,17353.50,1
2026-02-27T14:33:34.125Z,17353.50,17353.25,17353.50,6
2026-02-27T14:33:34.250Z,17353.25,17353.25,17353.50,3
2026-02-27T14:33:34.375Z,17353.50,17353.25,17353.50,3
2026-02-27T14:33:34.500Z,17353.25,17353.25,17353.50,6
2026-02-27T14:33:34.625Z,17353.25,17353.25,17353.50,4
2026-02-27T14:33:34.750Z,17353.25,17353.25,17353.50,2
2026-02-27T14:33:34.875Z,17353.25,17353.00,17353.25,6
2026-02-27T14:33:35.000Z,17353.25,17353.00,17353.25,3
2026-02-27T14:33:35.125Z,17353.00,17353.00,17353.25,3
2026-02-27T14:33:35.250Z,17353.25,17353.00,17353.25,2
2026-02-27T14:33:35.375Z,17353.00,17353.00,17353.25,4
2026-02-27T14:33:35.500Z,17353.00,17353.00,17353.25,6
2026-02-27T14:33:35.625Z,17353.00,17353.00,17353.25,5
2026-02-27T14:33:35.750Z,17353.25,17353.00,17353.25,5
2026-02-27T14:33:35.875Z,17353.00,17353.00,17353.25,4
2026-02-27T14:33:36.000Z,17353.00,17353.00,17353.25,5
2026-02-27T14:33:36.125Z,17353.25,17353.25,17353.50,5
2026-02-27T14:33:36.250Z,17353.50,17353.25,17353.50,5
2026-02-27T14:33:36.375Z,17353.50,17353.25,17353.50,3
2026-02-27T14:33:36.500Z,17353.50,17353.25,17353.50,2
2026-02-27T14:33:36.625Z,17353.25,17353.25,17353.50,4
2026-02-27T14:33:36.750Z,17353.50,17353.25,17353.50,1
2026-02-27T14:33:36.875Z,17353.25,17353.25,17353.50,3
2026-02-27T14:33:37.000Z,17353.50,17353.25,17353.50,1
2026-02-27T14:33:37.125Z,17353.50,17353.25,17353.50,2
2026-02-27T14:33:37.250Z,17353.50,17353.25,17353.50,2
2026-02-27T14:33:37.375Z,17353.25,17353.00,17353.25,6
2026-02-27T14:33:37.500Z,17353.00,17353.00,17353.25,3
2026-02-27T14:33:37.625Z,17353.25,17353.00,17353.25,2
2026-02-27T14:33:37.750Z,17353.25,17353.00,17353.25,4
2026-02-27T14:33:37.875Z,17353.25,17353.25,17353.50,2
2026-02-27T14:33:38.000Z,17353.50,17353.50,17353.75,4
2026-02-27T14:33:38.125Z,17353.50,17353.50,17353.75,3
2026-02-27T14:33:38.250Z,17353.75,17353.50,17353.75,4
2026-02-27T14:33:38.375Z,17353.50,17353.50,17353.75,3
2026-02-27T14:33:38.500Z,17354.00,17353.75,17354.00,6
2026-02-27T14:33:38.625Z,17354.00,17354.00,17354.25,6
2026-02-27T14:33:38.750Z,17354.00,17354.00,17354.25,2
2026-02-27T14:33:38.875Z,17354.00,17354.00,17354.25,3
2026-02-27T14:33:39.000Z,17354.00,17354.00,17354.25,3
2026-02-27T14:33:39.125Z,17354.00,17354.00,17354.25,4
2026-02-27T14:33:39.250Z,17354.00,17354.00,17354.25,1
2026-02-27T14:33:39.375Z,17354.25,17354.00,17354.25,2
2026-02-27T14:33:39.500Z,17354.00,17354.00,17354.25,2
2026-02-27T14:33:39.625Z,17354.25,17354.00,17354.25,1
2026-02-27T14:33:39.750Z,17354.00,17354.00,17354.25,5
2026-02-27T14:33:39.875Z,17354.25,17354.00,17354.25,1
2026-02-27T14:33:40.000Z,17354.25,17354.00,17354.25,6
2026-02-27T14:33:40.125Z,17354.25,17354.00,17354.25,6
2026-02-27T14:33:40.250Z,17354.00,17354.00,17354.25,3
2026-02-27T14:33:40.375Z,17354.00,17354.00,17354.25,3
2026-02-27T14:33:40.500Z,17354.00,17354.00,17354.25,1
2026-02-27T14:33:40.625Z,17354.25,17354.00,17354.25,1
2026-02-27T14:33:40.750Z,17354.25,17354.00,17354.25,2
2026-02-27T14:33:40.875Z,17354.00,17354.00,17354.25,2
2026-02-27T14:33:41.000Z,17354.00,17354.00,17354.25,3
2026-02-27T14:33:41.125Z,17354.00,17353.75,17354.00,4
2026-02-27T14:33:41.250Z,17354.00,17353.75,17354.00,6
2026-02-27T14:33:41.375Z,17354.00,17353.75,17354.00,3
2026-02-27T14:33:41.500Z,17353.75,17353.75,17354.00,6
2026-02-27T14:33:41.625Z,17354.00,17354.00,17354.25,5
2026-02-27T14:33:41.750Z,17354.25,17354.00,17354.25,4
2026-02-27T14:33:41.875Z,17354.00,17354.00,17354.25,5
2026-02-27T14:33:42.000Z,17354.00,17354.00,17354.25,6
2026-02-27T14:33:42.125Z,17353.75,17353.75,17354.00,5
2026-02-27T14:33:42.250Z,17354.00,17353.75,17354.00,6
2026-02-27T14:33:42.375Z,17353.75,17353.75,17354.00,3
2026-02-27T14:33:42.500Z,17353.75,17353.75,17354.00,5
2026-02-27T14:33:42.625Z,17353.75,17353.75,17354.00,5
2026-02-27T14:33:42.750Z,17353.75,17353.75,17354.00,1
2026-02-27T14:33:42.875Z,17354.00,17354.00,17354.25,4
2026-02-27T14:33:43.000Z,17354.25,17354.00,17354.25,4
2026-02-27T14:33:43.125Z,17354.00,17354.00,17354.25,5
2026-02-27T14:33:43.250Z,17354.00,17353.75,17354.00,4
2026-02-27T14:33:43.375Z,17354.00,17353.75,17354.00,6
2026-02-27T14:33:43.500Z,17354.00,17353.75,17354.00,1
2026-02-27T14:33:43.625Z,17354.00,17353.75,17354.00,3
2026-02-27T14:33:43.750Z,17354.00,17353.75,17354.00,3
2026-02-27T14:33:43.875Z,17353.75,17353.75,17354.00,5
2026-02-27T14:33:44.000Z,17353.75,17353.50,17353.75,2
2026-02-27T14:33:44.125Z,17353.50,17353.50,17353.75,1
2026-02-27T14:33:44.250Z,17353.75,17353.50,17353.75,6
2026-02-27T14:33:44.375Z,17353.50,17353.50,17353.75,2
2026-02-27T14:33:44.500Z,17353.50,17353.50,17353.75,4
2026-02-27T14:33:44.625Z,17353.50,17353.50,17353.75,6
2026-02-27T14:33:44.750Z,17353.50,17353.50,17353.75,3
2026-02-27T14:33:44.875Z,17353.75,17353.50,17353.75,1
2026-02-27T14:33:45.000Z,17353.50,17353.50,17353.75,4
2026-02-27T14:33:45.125Z,17353.75,17353.75,17354.00,4
2026-02-27T14:33:45.250Z,17354.00,17353.75,17354.00,2
2026-02-27T14:33:45.375Z,17354.25,17354.00,17354.25,2
2026-02-27T14:33:45.500Z,17354.00,17354.00,17354.25,1
2026-02-27T14:33:45.625Z,17353.75,17353.75,17354.00,5
2026-02-27T14:33:45.750Z,17354.00,17353.75,17354.00,4
2026-02-27T14:33:45.875Z,17353.50,17353.50,17353.75,1
2026-02-27T14:33:46.000Z,17353.50,17353.50,17353.75,3
2026-02-27T14:33:46.125Z,17353.75,17353.50,17353.75,6
2026-02-27T14:33:46.250Z,17353.75,17353.50,17353.75,5
2026-02-27T14:33:46.375Z,17353.75,17353.50,17353.75,1
2026-02-27T14:33:46.500Z,17353.50,17353.50,17353.75,6
2026-02-27T14:33:46.625Z,17353.75,17353.50,17353.75,3
2026-02-27T14:33:46.750Z,17353.50,17353.50,17353.75,4
2026-02-27T14:33:46.875Z,17353.75,17353.50,17353.75,1
2026-02-27T14:33:47.000Z,17353.75,17353.50,17353.75,5
2026-02-27T14:33:47.125Z,17353.50,17353.50,17353.75,6
2026-02-27T14:33:47.250Z,17353.50,17353.50,17353.75,5
2026-02-27T14:33:47.375Z,17353.50,17353.50,17353.75,4
2026-02-27T14:33:47.500Z,17353.50,17353.50,17353.75,5
2026-02-27T14:33:47.625Z,17353.75,17353.50,17353.75,2
2026-02-27T14:33:47.750Z,17353.75,17353.50,17353.75,4
2026-02-27T14:33:47.875Z,17353.50,17353.50,17353.75,1
2026-02-27T14:33:48.000Z,17353.75,17353.75,17354.00,4
2026-02-27T14:33:48.125Z,17353.75,17353.75,17354.00,6
2026-02-27T14:33:48.250Z,17354.00,17354.00,17354.25,4
2026-02-27T14:33:48.375Z,17354.25,17354.00,17354.25,1
2026-02-27T14:33:48.500Z,17354.00,17354.00,17354.25,5
2026-02-27T14:33:48.625Z,17354.25,17354.25,17354.50,2
2026-02-27T14:33:48.750Z,17354.00,17354.00,17354.25,4
2026-02-27T14:33:48.875Z,17354.50,17354.25,17354.50,5
2026-02-27T14:33:49.000Z,17354.25,17354.25,17354.50,6
2026-02-27T14:33:49.125Z,17354.50,17354.25,17354.50,1
2026-02-27T14:33:49.250Z,17354.25,17354.25,17354.50,6
2026-02-27T14:33:49.375Z,17354.25,17354.25,17354.50,4
2026-02-27T14:33:49.500Z,17354.25,17354.25,17354.50,5
2026-02-27T14:33:49.625Z,17354.25,17354.25,17354.50,4
2026-02-27T14:33:49.750Z,17354.50,17354.25,17354.50,6
2026-02-27T14:33:49.875Z,17354.50,17354.25,17354.50,6
2026-02-27T14:33:50.000Z,17354.50,17354.25,17354.50,6
2026-02-27T14:33:50.125Z,17354.50,17354.25,17354.50,4
2026-02-27T14:33:50.250Z,17354.25,17354.25,17354.50,6
2026-02-27T14:33:50.375Z,17354.50,17354.25,17354.50,4
2026-02-27T14:33:50.500Z,17354.25,17354.25,17354.50,1
2026-02-27T14:33:50.625Z,17354.50,17354.25,17354.50,4
2026-02-27T14:33:50.750Z,17354.50,17354.25,17354.50,3
2026-02-27T14:33:50.875Z,17354.25,17354.25,17354.50,3
2026-02-27T14:33:51.000Z,17354.50,17354.50,17354.75,3
2026-02-27T14:33:51.125Z,17354.75,17354.50,17354.75,3
2026-02-27T14:33:51.250Z,17354.75,17354.50,17354.75,5
